1637 2525
688 95 950 128 GERMANI».
1457 88 1510 131 19

113 206 262 249 Parthi
301 205 476 258 quidem
515 206 685 257 saepius
723 207 1006 248 :ultimum-re:
1062 209 1221 260 quippe
1267 224 1395 261 regno
1435 214 1511 253 Ar-

110 273 220 315 sacis
249 273 386 314 acrior
415 279 479 313 est
512 274 825 313 Germanorum
859 274 1044 315 libertas.
1106 276 1217 325 Quid
1249 277 1362 318 enim
1394 279 1508 320 aliud

110 340 235 381 nobis
263 353 395 391 quam
425 339 598 379 caedem
629 340 785 389 Crassi,
817 341 973 380 amisso
1001 347 1040 382 et
1074 342 1162 392 ipse
1193 343 1368 394 Pacoro,
1400 345 1509 386 infra
1527 361 1564 389 15

111 406 362 448 Ventidium
392 405 583 446 deiectus
613 406 763 446 Oriens
793 407 1023 448 obiecerit?
1083 410 1137 450 At
1171 410 1375 452 Germani
1406 412 1510 453 Car-

110 473 222 514 bone
255 478 300 514 et
335 472 485 514 Cassio
520 478 563 513 et
599 474 758 513 Scauro
795 474 965 515 Aurelio
1000 482 1039 515 et
1079 476 1256 517 Servilio
1293 479 1509 529 Caepione

110 541 347 593 Gnaeoque
369 542 522 582 Mallio
544 542 648 582 fusis
671 543 736 583 vel
760 543 896 593 captis
919 544 1108 595 quinque
1129 545 1254 586 simul
1278 545 1509 586 consularis

109 607 319 649 exercitus
342 608 501 659 populo
527 608 737 658 Romano,
764 610 924 649 Varum
949 611 1110 661 trisque
1133 625 1230 652 eum
1253 626 1302 652 eo
1325 611 1509 662 legiones

109 673 242 716 etiam
280 674 455 716 Caesari
493 675 790 724 abstulerunt;
846 690 919 716 nec
958 676 1132 727 impune
1171 677 1220 718 C.
1262 678 1428 718 Marius
1465 678 1507 718 in
1523 689 1564 718 20

110 740 251 791 Italia,
275 741 401 782 divus
424 741 558 782 Iulius
579 741 621 782 in
645 742 797 790 Gallia,
825 743 990 784 Drusus
1012 758 1060 784 ae
1084 744 1199 784 Nero
1220 749 1263 785 et
1285 744 1509 785 Germani·
1557 789 1563 792 ,

109 821 184 849 cus
214 807 258 848 in
289 808 377 849 suis
403 822 475 849 eos
502 808 675 849 sedibus
708 809 992 860 perculerunt.
1055 811 1161 850 Mox
1198 810 1390 860 ingentes
1426 811 1507 851 Gai

109 873 306 916 Caesaris
332 874 475 916 minae
503 875 545 915 in
574 875 807 916 ludibrium
837 890 995 916 versae.
1059 876 1164 917 Inde
1192 876 1342 926 otium,
1373 877 1507 917 donec

108 940 330 982 occasione
357 941 594 982 discordiae
622 947 792 982 nostrae
820 947 860 983 et
891 942 1079 983 civilium
1107 957 1324 983 armorum
1352 957 1509 994 expug-

107 1007 222 1049 natis
253 1007 469 1059 legionum
509 1008 697 1049 hibernis
736 1009 869 1049 etiam
909 1008 1072 1049 Gallias
1112 1009 1410 1059 adfectavere;
1459 1024 1506 1050 ac
1522 1020 1563 1050 25

107 1087 253 1116 rursus
282 1074 382 1116 inde
412 1075 523 1126 pulsi
554 1075 757 1126 proximis
788 1075 1054 1126 temporibus
1085 1075 1341 1126 triumphati
1373 1076 1508 1127 magis

107 1153 240 1192 quam
268 1141 373 1182 victi
401 1146 516 1182 sunt.

162 1207 291 1249 Nunc
326 1198 379 1249 de
414 1207 565 1249 Suebis
600 1208 829 1248 dicendum
865 1212 942 1257 est,
980 1221 1163 1258 quorum
1199 1221 1284 1248 non
1320 1221 1418 1258 una,
1457 1213 1502 1248 ut
1518 1219 1574 1251 38

107 1273 371 1316 Chattorum
408 1275 787 1325 Tencterorumve,
827 1288 952 1325 gens;
1006 1274 1210 1315 maiorem
1249 1274 1363 1315 enim
1402 1274 1507 1316 Ger-

105 1340 276 1382 maniae
329 1345 499 1392 partem
555 1341 767 1391 obtinent,
826 1341 1006 1391 propriis
1061 1341 1202 1382 adhuc
1257 1340 1506 1382 nationibus

104 1406 437 1459 nominibusque
481 1407 665 1457 discreti,
712 1421 976 1458 quamquam
1020 1407 1062 1447 in
1107 1420 1333 1448 commune
1376 1407 1504 1448 Suebi

103 1478 326 1515 vocentur.
388 1474 560 1525 Insigne
616 1474 755 1525 gentis
812 1474 1032 1524 obliquare
1090 1473 1247 1514 crinem
1306 1473 1539 1524 nodoquef»

103 1540 418 1592 substringere:
457 1541 515 1582 sic
541 1541 669 1582 Suebi
694 1555 719 1582 a
744 1541 893 1581 ceteris
918 1540 1156 1589 Germanis,
1183 1539 1241 1580 sic
1265 1540 1504 1599 Sueborum

102 1605 276 1658 ingenui
308 1621 334 1649 a
365 1608 499 1649 servis
531 1612 799 1658 separantur.
862 1607 911 1646 In
945 1606 1037 1647 aliis
1069 1606 1269 1655 gentibus
1301 1619 1377 1647 seu
1409 1620 1505 1657 cog-

102 1673 279 1715 natione
306 1674 452 1726 aliqua
480 1674 720 1715 Sueborum
748 1688 835 1723 seu,
866 1673 980 1724 quod
1009 1686 1135 1723 saepe
1163 1672 1331 1722 accidit,
1361 1672 1504 1714 imita-

39 1750 42 1753 '
100 1739 230 1791 tione,
268 1754 413 1782 rarum
449 1745 493 1782 et
529 1741 644 1782 intra
680 1740 882 1781 iuventae
919 1738 1132 1790 spatiu1n;
1185 1738 1301 1789 apud
1339 1738 1503 1780 Suebos

101 1819 240 1858 usque
267 1807 323 1848 ad
352 1807 556 1848 canitiem
586 1807 834 1847 horrentem
864 1805 1067 1856 capillum
1098 1809 1213 1845 retro
1241 1810 1499 1855 sequuntur.
1518 1816 1558 1846 10

100 1873 163 1914 Ac
182 1887 309 1925 saepe
328 1873 371 1914 in
391 1873 484 1925 ipso
505 1873 664 1914 vertice
685 1872 887 1923 religatur
904 1885 910 1920 ;
947 1871 1157 1922 principes
1177 1875 1221 1912 et
1240 1870 1500 1912 ornatiorem

100 1939 277 1981 habent.
338 1941 403 1981 Ea
436 1954 538 1981 cura
571 1940 746 1987 formae,
781 1939 854 1979 sed
889 1937 1084 1986 innoxia;
1134 1951 1271 1988 neque
1304 1936 1417 1977 enirn
1451 1942 1500 1978 ut

99 2011 249 2047 ament
280 2011 548 2055 amenturve‚
583 2006 625 2045 in
658 2005 933 2046 altitudinem
966 2003 1185 2054 quandam
1218 2008 1261 2044 et
1294 2008 1499 2044 terrorem

99 2072 259 2114 adituri
281 2072 393 2114 bella
415 2072 590 2123 compti,
615 2076 663 2112 ut.
686 2071 875 2112 hostium
898 2070 1042 2119 oculis,
1067 2074 1303 2110 armantur.

154 2139 480 2180 Vetustissimos
513 2152 556 2179 se
589 2137 959 2187 nobilissimosque
992 2136 1231 2176 Sueborum
1264 2135 1498 2177 Semnones
1510 2148 1566 2181 39

99 2210 366 2255 memorant;
411 2205 515 2245 fides
551 2203 826 2254 antiquitatis
862 2202 1061 2252 religione
1101 2203 1310 2243 firmatur.
1371 2202 1497 2244 Stato

98 2275 293 2324 tempore
327 2271 368 2312 in
403 2271 557 2312 silvam
591 2269 778 2321 auguriis
814 2274 986 2320 patrum
1021 2273 1064 2309 ct
1100 2268 1238 2320 prisca
1271 2268 1500 2311 formidine
