1638 2515
105 89 162 134 16
595 102 828 135 CORNELII
858 103 1022 135 TACITI

102 214 272 265 electos,
305 215 453 256 audire
483 215 765 266 praepositos,
798 229 922 256 nosse
955 215 1142 266 ordines,
1175 215 1419 267 intellegere
1449 230 1517 258 oc-

103 281 306 331 casiones,
327 282 495 323 differre
516 282 719 332 impetus,
743 282 971 333 disponere
996 283 1125 333 diem,
1146 283 1307 323 vallare
1328 288 1514 333 noctem,

49 348 323 389 iofortunam
365 348 477 389 inter
519 348 664 398 dubia,
709 348 920 389 virtutem
963 349 1075 389 inter
1118 354 1235 390 certa
1276 363 1514 399 numerare,

102 415 305 466 quodque
338 415 603 456 rarissimum
636 429 713 455 nec
747 415 827 456 nisi
863 415 1029 456 ratione
1064 416 1314 466 disciplinae
1348 430 1518 457 conces-

102 495 211 532 sum,
230 481 326 533 plus
342 496 546 533 reponere
564 481 607 521 in
625 481 734 522 duce
752 496 885 532 quam
903 481 946 522 in
966 483 1168 523 exercitu.
1231 483 1369 524 Omne
1386 483 1518 524 robur

101 548 145 588 in
171 548 329 599 pedite,
357 563 486 600 quem
512 562 640 599 super
665 562 787 589 arma
814 548 1087 589 ferramentis
1114 562 1287 600 quoque
1313 554 1356 590 et
1384 549 1517 600 copiis

102 620 308 656 onerant:
345 615 450 656 alios
472 615 527 656 ad
550 615 760 666 proelium
782 615 841 656 ire
863 615 1024 665 videas,
1050 615 1237 656 Chattos
1260 616 1315 656 ad
1338 616 1514 657 bellum.

49 690 88 720 15
103 681 207 722 Rari
262 695 462 722 excursus
517 686 561 722 et
616 681 800 722 fortuita
855 695 1013 732 pugna.
1075 682 1356 732 Equestrium
1412 696 1515 723 sane

102 747 259 788 virium
291 748 334 788 id
368 748 602 799 proprium,
638 748 723 788 cito
757 762 909 798 parare
942 748 1184 798 victoriam,
1220 748 1307 789 cito
1344 749 1516 789 cedere:

102 814 309 856 velocitas
333 814 455 855 iuxta
479 814 768 865 formidinem,
797 814 1018 855 cunctatio
1044 814 1220 866 propior
1245 815 1518 856 constantiae

104 885 182 922 est.

34 958 87 990 31
161 948 218 988 Et
238 947 330 988 aliis
350 947 668 988 Germanorum
688 947 858 998 populis
878 951 1140 998 usurpatum
1159 961 1257 988 raro
1278 951 1323 988 et
1344 948 1520 998 privata

104 1014 310 1065 cuiusque
341 1014 550 1055 audentia
580 1014 697 1065 apud
721 1014 909 1055 Chattos
930 1014 975 1054 in
997 1027 1256 1054 consensum
1286 1014 1435 1065 vertit,
1468 1018 1519 1055 ut

103 1080 291 1131 primum
322 1080 604 1127 adoleverint,
639 1080 799 1121 crinem
830 1080 1101 1130 barbamque
1132 1080 1407 1131 submittere,
1440 1094 1518 1122 nec

102 1147 183 1188 nisi
223 1147 346 1188 hoste
387 1161 510 1188 caeso
550 1161 703 1188 exuere
743 1147 945 1187 votivum
985 1147 1320 1198 obligatumque
1360 1146 1519 1188 virtuti

68 1214 186 1256 5oris
215 1214 428 1255 habitum.
489 1213 626 1264 Super
654 1213 909 1264 sanguinem
938 1217 981 1254 et
1011 1213 1151 1264 spolia
1180 1213 1375 1255 revelant
1403 1214 1520 1255 fron-

102 1285 205 1331 tem,
232 1294 361 1331 seque
386 1285 482 1321 tum
507 1280 683 1321 demum
708 1280 848 1331 pretia
872 1279 1076 1321 nascendi
1101 1280 1324 1321 rettulisse
1349 1280 1520 1332 dignos-

104 1361 187 1398 que
222 1347 363 1398 patria
397 1361 446 1388 ac
481 1347 734 1398 parentibus
769 1347 939 1388 ferunt:
990 1346 1159 1398 ignavis
1195 1351 1238 1387 et
1273 1347 1519 1388 imbellibus

103 1418 251 1455 manet
299 1414 485 1465 squalor.
547 1414 826 1454 Fortissimus
876 1413 1059 1464 quisque
1107 1413 1295 1454 ferreum
1344 1413 1520 1464 insuper

104 1480 282 1522 anulum
319 1480 670 1532 (ignominiosum
702 1480 746 1520 id
779 1479 914 1531 genti)
951 1479 1072 1520 velut
1104 1479 1329 1520 vinculum
1361 1484 1517 1531 gestat,

51 1557 90 1586 10
105 1547 239 1588 donec
266 1562 309 1588 se
336 1548 465 1588 caede
491 1547 627 1588 hostis
653 1546 868 1588 absolvat.
931 1545 1132 1587 Plurimis
1159 1546 1425 1587 Chattorum
1451 1546 1519 1587 hic

105 1614 246 1667 placet
277 1614 466 1664 habitus,
489 1614 664 1665 iamque
696 1617 853 1654 canent
885 1610 1072 1663 insignes
1104 1617 1147 1653 et
1169 1612 1371 1653 hostibus
1392 1612 1520 1653 simul

104 1680 277 1732 suisque
301 1680 546 1722 monstrati.
609 1680 816 1721 Omnium
841 1693 971 1730 penes
996 1679 1074 1720 hos
1099 1678 1226 1720 initia
1250 1692 1519 1730 pugnarum;

104 1747 210 1789 haec
246 1747 385 1799 prima
420 1750 589 1798 semper
624 1747 749 1801 acies,
785 1746 881 1787 visu
914 1760 1054 1797 nova;
1107 1759 1209 1786 nam
1245 1759 1299 1786 ne
1331 1745 1375 1785 in
1412 1759 1519 1797 pace

106 1814 281 1866 quidem
320 1814 447 1855 vultu
487 1814 658 1855 mitiore
697 1817 1020 1854 mansuescunt.
1082 1811 1203 1852 Nulli
1243 1812 1399 1853 domus
1439 1816 1520 1852 aut

53 1896 92 1925 15
106 1895 205 1932 ager
227 1885 304 1922 aut
327 1881 473 1932 aliqua
496 1894 621 1921 cura:
660 1884 790 1931 prout
813 1880 868 1920 ad
892 1892 1109 1931 quemque
1131 1892 1301 1929 venere,
1326 1878 1517 1928 aluntur,

107 1947 272 1998 prodigi
296 1947 435 1997 alieni,
462 1952 782 1998 contemptores
805 1946 884 1996 sui,
910 1946 1045 1987 donec
1069 1945 1297 1996 exsanguis
1321 1949 1520 1986 senectus

107 2018 200 2055 tam
222 2014 354 2055 durae
376 2014 532 2055 virtuti
554 2013 740 2065 impares
761 2012 908 2054 faciat.

39 2092 95 2123 32
164 2080 351 2121 Proximi
391 2080 566 2122 Chattis
605 2085 771 2121 certum
809 2079 896 2120 iam
935 2079 1059 2120 alveo
1098 2078 1316 2128 Rhenum,
1359 2077 1520 2128 quique

108 2147 317 2188 terminus
336 2161 425 2188 esse
443 2147 642 2197 sufficiat,
663 2146 786 2198 Usipi
804 2160 853 2187 ac
872 2145 1073 2186 Tencteri
1093 2145 1254 2186 colunt.
1315 2143 1520 2185 Tencteri

107 2227 235 2264 super
273 2214 448 2255 solitum
487 2214 698 2255 bellorum
729 2213 858 2254 decus
890 2212 1102 2263 equestris
1133 2210 1386 2262 disciplinae
1426 2214 1520 2251 arte

109 2280 372 2333 praecellunt
389 2294 397 2331 ;
462 2294 538 2321 nec
587 2280 724 2321 maior
772 2279 889 2334 apud
939 2278 1126 2320 Chattos
1175 2277 1374 2333 peditum
1422 2276 1517 2321 laus
