<?xml version="1.0" encoding="UTF-8"?>
<!DOCTYPE html PUBLIC "-//W3C//DTD XHTML 1.0 Transitional//EN"
    "http://www.w3.org/TR/xhtml1/DTD/xhtml1-transitional.dtd">
<html xmlns="http://www.w3.org/1999/xhtml" xml:lang="en" lang="en">
 <head>
  <title>
</title>
<meta http-equiv="Content-Type" content="text/html;charset=utf-8" />
  <meta name='ocr-system' content='tesseract 3.04.00' />
  <meta name='ocr-capabilities' content='ocr_page ocr_carea ocr_par ocr_line ocrx_word'/>
</head>
<body>
  <div class='ocr_page' id='page_1' title='image "./germania00taciuoft_0052.png"; bbox 0 0 1638 2515; ppageno 0'>
   <div class='ocr_carea' id='block_1_1' title="bbox 105 63 1024 109">
    <p class='ocr_par' dir='ltr' id='par_1_1' title="bbox 105 63 1024 109">
     <span class='ocr_line' id='line_1_1' title="bbox 105 63 1024 109; baseline 0.002 -2"><span class='ocrx_word' id='word_1_1' title='bbox 105 63 164 107; x_wconf 88' lang='lat'>20</span> <span class='ocrx_word' id='word_1_2' title='bbox 598 76 829 108; x_wconf 83' lang='lat' dir='ltr'>CORNELII</span> <span class='ocrx_word' id='word_1_3' title='bbox 858 77 1024 109; x_wconf 84' lang='lat' dir='ltr'><strong>TACITI</strong></span> 
     </span>
    </p>
   </div>
   <div class='ocr_carea' id='block_1_2' title="bbox 35 188 1509 2292">
    <p class='ocr_par' dir='ltr' id='par_1_2' title="bbox 104 188 1508 241">
     <span class='ocr_line' id='line_1_2' title="bbox 104 188 1508 241; baseline 0.001 -11"><span class='ocrx_word' id='word_1_4' title='bbox 104 203 270 230; x_wconf 87' lang='lat' dir='ltr'>sacram</span> <span class='ocrx_word' id='word_1_5' title='bbox 320 203 467 230; x_wconf 86' lang='lat' dir='ltr'>omncs</span> <span class='ocrx_word' id='word_1_6' title='bbox 517 188 706 229; x_wconf 83' lang='lat' dir='ltr'>eiusdem</span> <span class='ocrx_word' id='word_1_7' title='bbox 756 189 975 239; x_wconf 79' lang='lat' dir='ltr'>sanguinis</span> <span class='ocrx_word' id='word_1_8' title='bbox 1025 190 1172 240; x_wconf 90' lang='lat' dir='ltr'>populi</span> <span class='ocrx_word' id='word_1_9' title='bbox 1221 189 1508 241; x_wconf 81' lang='lat' dir='ltr'>legationibus</span> 
     </span>
    </p>

    <p class='ocr_par' dir='ltr' id='par_1_3' title="bbox 70 255 1509 574">
     <span class='ocr_line' id='line_1_3' title="bbox 70 255 1509 306; baseline 0 -9"><span class='ocrx_word' id='word_1_10' title='bbox 70 260 261 297; x_wconf 75' lang='lat' dir='ltr'>5coeunt</span> <span class='ocrx_word' id='word_1_11' title='bbox 295 269 503 306; x_wconf 83' lang='lat' dir='ltr'>caesoque</span> <span class='ocrx_word' id='word_1_12' title='bbox 537 255 705 306; x_wconf 89' lang='lat' dir='ltr'>publice</span> <span class='ocrx_word' id='word_1_13' title='bbox 739 255 910 296; x_wconf 87' lang='lat' dir='ltr'>homine</span> <span class='ocrx_word' id='word_1_14' title='bbox 944 255 1161 297; x_wconf 85' lang='lat' dir='ltr'>celebrant</span> <span class='ocrx_word' id='word_1_15' title='bbox 1195 256 1366 297; x_wconf 88' lang='lat' dir='ltr'>barbari</span> <span class='ocrx_word' id='word_1_16' title='bbox 1400 256 1509 297; x_wconf 89' lang='lat' dir='ltr'>ritus</span> 
     </span>
     <span class='ocr_line' id='line_1_4' title="bbox 103 322 1508 373; baseline 0 -10"><span class='ocrx_word' id='word_1_17' title='bbox 103 322 317 363; x_wconf 84' lang='lat' dir='ltr'>horrenda</span> <span class='ocrx_word' id='word_1_18' title='bbox 346 322 592 373; x_wconf 85' lang='lat' dir='ltr'>primordia.</span> <span class='ocrx_word' id='word_1_19' title='bbox 654 322 732 362; x_wconf 87' lang='lat' dir='ltr'>Est</span> <span class='ocrx_word' id='word_1_20' title='bbox 762 326 805 362; x_wconf 88' lang='lat' dir='ltr'>et</span> <span class='ocrx_word' id='word_1_21' title='bbox 835 322 919 362; x_wconf 85' lang='lat' dir='ltr'>alia</span> <span class='ocrx_word' id='word_1_22' title='bbox 948 322 1043 363; x_wconf 89' lang='lat' dir='ltr'>luco</span> <span class='ocrx_word' id='word_1_23' title='bbox 1072 323 1337 363; x_wconf 85' lang='lat' dir='ltr'>reverentia:</span> <span class='ocrx_word' id='word_1_24' title='bbox 1382 337 1508 364; x_wconf 91' lang='lat' dir='ltr'>nemo</span> 
     </span>
     <span class='ocr_line' id='line_1_5' title="bbox 103 388 1508 440; baseline 0 -10"><span class='ocrx_word' id='word_1_25' title='bbox 103 389 183 430; x_wconf 89' lang='lat' dir='ltr'>nisi</span> <span class='ocrx_word' id='word_1_26' title='bbox 219 389 392 430; x_wconf 89' lang='lat' dir='ltr'>vinculo</span> <span class='ocrx_word' id='word_1_27' title='bbox 427 388 584 439; x_wconf 86' lang='lat' dir='ltr'>ligatus</span> <span class='ocrx_word' id='word_1_28' title='bbox 619 388 869 439; x_wconf 83' lang='lat' dir='ltr'>ingreditur,</span> <span class='ocrx_word' id='word_1_29' title='bbox 907 393 956 429; x_wconf 89' lang='lat' dir='ltr'>ut</span> <span class='ocrx_word' id='word_1_30' title='bbox 991 389 1130 429; x_wconf 91' lang='lat' dir='ltr'>minor</span> <span class='ocrx_word' id='word_1_31' title='bbox 1165 395 1207 430; x_wconf 86' lang='lat' dir='ltr'>ct</span> <span class='ocrx_word' id='word_1_32' title='bbox 1244 394 1508 440; x_wconf 88' lang='lat' dir='ltr'>potestatem</span> 
     </span>
     <span class='ocr_line' id='line_1_6' title="bbox 102 454 1509 507; baseline -0.001 -10"><span class='ocrx_word' id='word_1_33' title='bbox 102 456 291 497; x_wconf 90' lang='lat' dir='ltr'>numinis</span> <span class='ocrx_word' id='word_1_34' title='bbox 318 470 420 507; x_wconf 90' lang='lat' dir='ltr'>prae</span> <span class='ocrx_word' id='word_1_35' title='bbox 447 470 490 495; x_wconf 89' lang='lat' dir='ltr'>se</span> <span class='ocrx_word' id='word_1_36' title='bbox 517 455 668 495; x_wconf 89' lang='lat' dir='ltr'>ferens.</span> <span class='ocrx_word' id='word_1_37' title='bbox 729 454 772 495; x_wconf 86' lang='lat' dir='ltr'>Si</span> <span class='ocrx_word' id='word_1_38' title='bbox 799 455 910 496; x_wconf 92' lang='lat' dir='ltr'>forte</span> <span class='ocrx_word' id='word_1_39' title='bbox 938 455 1162 506; x_wconf 85' lang='lat' dir='ltr'>prolapsus</span> <span class='ocrx_word' id='word_1_40' title='bbox 1189 461 1266 505; x_wconf 89' lang='lat' dir='ltr'>est,</span> <span class='ocrx_word' id='word_1_41' title='bbox 1296 455 1438 496; x_wconf 87' lang='lat' dir='ltr'>attolli</span> <span class='ocrx_word' id='word_1_42' title='bbox 1465 460 1509 496; x_wconf 90' lang='lat' dir='ltr'>et</span> 
     </span>
     <span class='ocr_line' id='line_1_7' title="bbox 102 521 1509 574; baseline 0 -11"><span class='ocrx_word' id='word_1_43' title='bbox 102 523 318 574; x_wconf 81' lang='lat' dir='ltr'>insurgere</span> <span class='ocrx_word' id='word_1_44' title='bbox 346 522 462 563; x_wconf 89' lang='lat' dir='ltr'>haud</span> <span class='ocrx_word' id='word_1_45' title='bbox 491 521 681 562; x_wconf 85' lang='lat' dir='ltr'>licitum:</span> <span class='ocrx_word' id='word_1_46' title='bbox 725 535 799 572; x_wconf 91' lang='lat' dir='ltr'>per</span> <span class='ocrx_word' id='word_1_47' title='bbox 820 521 1001 562; x_wconf 91' lang='lat' dir='ltr'>humum</span> <span class='ocrx_word' id='word_1_48' title='bbox 1022 522 1296 563; x_wconf 87' lang='lat' dir='ltr'>evolvuntur.</span> <span class='ocrx_word' id='word_1_49' title='bbox 1359 523 1509 573; x_wconf 89' lang='lat' dir='ltr'>quue</span> 
     </span>
    </p>

    <p class='ocr_par' dir='ltr' id='par_1_4' title="bbox 51 587 1506 640">
     <span class='ocr_line' id='line_1_8' title="bbox 51 587 1506 640; baseline 0.001 -13"><span class='ocrx_word' id='word_1_50' title='bbox 51 589 241 630; x_wconf 79' lang='lat' dir='ltr'>momnis</span> <span class='ocrx_word' id='word_1_51' title='bbox 279 588 528 640; x_wconf 81' lang='lat' dir='ltr'>superstitio</span> <span class='ocrx_word' id='word_1_52' title='bbox 566 587 751 639; x_wconf 85' lang='lat' dir='ltr'>respicit,</span> <span class='ocrx_word' id='word_1_53' title='bbox 792 593 1019 639; x_wconf 83' lang='lat' dir='ltr'>tamquam</span> <span class='ocrx_word' id='word_1_54' title='bbox 1057 588 1155 629; x_wconf 88' lang='lat' dir='ltr'>inde</span> <span class='ocrx_word' id='word_1_55' title='bbox 1193 588 1317 629; x_wconf 90' lang='lat' dir='ltr'>initia</span> <span class='ocrx_word' id='word_1_56' title='bbox 1354 588 1506 639; x_wconf 89' lang='lat' dir='ltr'>gentis,</span> 
     </span>
    </p>

    <p class='ocr_par' dir='ltr' id='par_1_5' title="bbox 102 655 1508 906">
     <span class='ocr_line' id='line_1_9' title="bbox 102 655 1505 707; baseline -0.001 -11"><span class='ocrx_word' id='word_1_57' title='bbox 102 656 162 696; x_wconf 91' lang='lat' dir='ltr'>ibi</span> <span class='ocrx_word' id='word_1_58' title='bbox 180 661 383 707; x_wconf 89' lang='lat' dir='ltr'>regnator</span> <span class='ocrx_word' id='word_1_59' title='bbox 403 655 597 696; x_wconf 89' lang='lat' dir='ltr'>omnium</span> <span class='ocrx_word' id='word_1_60' title='bbox 616 655 734 703; x_wconf 88' lang='lat' dir='ltr'>deus,</span> <span class='ocrx_word' id='word_1_61' title='bbox 759 659 901 695; x_wconf 88' lang='lat' dir='ltr'>cetera</span> <span class='ocrx_word' id='word_1_62' title='bbox 922 655 1118 695; x_wconf 89' lang='lat' dir='ltr'>subiecta</span> <span class='ocrx_word' id='word_1_63' title='bbox 1139 660 1272 706; x_wconf 89' lang='lat' dir='ltr'>atque</span> <span class='ocrx_word' id='word_1_64' title='bbox 1293 655 1505 706; x_wconf 91' lang='lat' dir='ltr'>parentia.</span> 
     </span>
     <span class='ocr_line' id='line_1_10' title="bbox 103 720 1508 772; baseline -0.001 -9"><span class='ocrx_word' id='word_1_65' title='bbox 103 722 248 763; x_wconf 81' lang='lat' dir='ltr'>Adicit</span> <span class='ocrx_word' id='word_1_66' title='bbox 274 722 581 763; x_wconf 79' lang='lat' dir='ltr'>auctoritatem</span> <span class='ocrx_word' id='word_1_67' title='bbox 607 721 783 762; x_wconf 85' lang='lat' dir='ltr'>fortuna</span> <span class='ocrx_word' id='word_1_68' title='bbox 809 722 1098 762; x_wconf 85' lang='lat' dir='ltr'>Semnonum:</span> <span class='ocrx_word' id='word_1_69' title='bbox 1133 726 1309 762; x_wconf 89' lang='lat' dir='ltr'>centum</span> <span class='ocrx_word' id='word_1_70' title='bbox 1335 721 1433 772; x_wconf 91' lang='lat' dir='ltr'>pagi</span> <span class='ocrx_word' id='word_1_71' title='bbox 1458 720 1508 762; x_wconf 93' lang='lat' dir='ltr'>iis</span> 
     </span>
     <span class='ocr_line' id='line_1_11' title="bbox 103 787 1508 839; baseline -0.001 -10"><span class='ocrx_word' id='word_1_72' title='bbox 103 789 361 829; x_wconf 86' lang='lat' dir='ltr'>habitantur</span> <span class='ocrx_word' id='word_1_73' title='bbox 389 801 634 839; x_wconf 87' lang='lat' dir='ltr'>magnoque</span> <span class='ocrx_word' id='word_1_74' title='bbox 665 801 840 838; x_wconf 88' lang='lat' dir='ltr'>corpore</span> <span class='ocrx_word' id='word_1_75' title='bbox 880 787 1063 828; x_wconf 84' lang='lat' dir='ltr'>efficitur</span> <span class='ocrx_word' id='word_1_76' title='bbox 1093 792 1143 829; x_wconf 93' lang='lat' dir='ltr'>ut</span> <span class='ocrx_word' id='word_1_77' title='bbox 1183 801 1227 829; x_wconf 87' lang='lat' dir='ltr'>se</span> <span class='ocrx_word' id='word_1_78' title='bbox 1267 787 1508 829; x_wconf 86' lang='lat' dir='ltr'>Sueborum</span> 
     </span>
     <span class='ocr_line' id='line_1_12' title="bbox 103 855 449 906; baseline -0.006 -10"><span class='ocrx_word' id='word_1_79' title='bbox 103 860 235 906; x_wconf 84' lang='lat' dir='ltr'>caput</span> <span class='ocrx_word' id='word_1_80' title='bbox 258 855 449 895; x_wconf 77' lang='lat' dir='ltr'>credant.</span> 
     </span>
    </p>

    <p class='ocr_par' dir='ltr' id='par_1_6' title="bbox 35 920 1509 1171">
     <span class='ocr_line' id='line_1_13' title="bbox 35 920 1508 972; baseline -0.001 -10"><span class='ocrx_word' id='word_1_81' title='bbox 35 932 91 963; x_wconf 87' lang='lat'>40</span> <span class='ocrx_word' id='word_1_82' title='bbox 160 921 326 962; x_wconf 69' lang='lat' dir='ltr'>Contra</span> <span class='ocrx_word' id='word_1_83' title='bbox 364 921 672 971; x_wconf 81' lang='lat' dir='ltr'>Langobardos</span> <span class='ocrx_word' id='word_1_84' title='bbox 710 920 906 971; x_wconf 88' lang='lat' dir='ltr'>paucitas</span> <span class='ocrx_word' id='word_1_85' title='bbox 945 920 1173 962; x_wconf 88' lang='lat' dir='ltr'>nobilitat:</span> <span class='ocrx_word' id='word_1_86' title='bbox 1226 920 1421 972; x_wconf 82' lang='lat' dir='ltr'>plurimis</span> <span class='ocrx_word' id='word_1_87' title='bbox 1459 934 1508 961; x_wconf 85' lang='lat' dir='ltr'>ac</span> 
     </span>
     <span class='ocr_line' id='line_1_14' title="bbox 103 986 1508 1038; baseline -0.001 -9"><span class='ocrx_word' id='word_1_88' title='bbox 103 987 408 1029; x_wconf 85' lang='lat' dir='ltr'>valentissimis</span> <span class='ocrx_word' id='word_1_89' title='bbox 444 987 693 1028; x_wconf 87' lang='lat' dir='ltr'>nationibus</span> <span class='ocrx_word' id='word_1_90' title='bbox 730 987 859 1027; x_wconf 88' lang='lat' dir='ltr'>cincti</span> <span class='ocrx_word' id='word_1_91' title='bbox 895 1001 981 1028; x_wconf 91' lang='lat' dir='ltr'>non</span> <span class='ocrx_word' id='word_1_92' title='bbox 1017 1001 1092 1038; x_wconf 92' lang='lat' dir='ltr'>per</span> <span class='ocrx_word' id='word_1_93' title='bbox 1127 986 1396 1038; x_wconf 87' lang='lat' dir='ltr'>obsequium,</span> <span class='ocrx_word' id='word_1_94' title='bbox 1433 987 1508 1028; x_wconf 90' lang='lat' dir='ltr'>sed</span> 
     </span>
     <span class='ocr_line' id='line_1_15' title="bbox 102 1053 1509 1106; baseline -0.001 -11"><span class='ocrx_word' id='word_1_95' title='bbox 102 1054 272 1106; x_wconf 87' lang='lat' dir='ltr'>proeliis</span> <span class='ocrx_word' id='word_1_96' title='bbox 310 1068 359 1095; x_wconf 87' lang='lat' dir='ltr'>ac</span> <span class='ocrx_word' id='word_1_97' title='bbox 398 1053 681 1105; x_wconf 86' lang='lat' dir='ltr'>periclitando</span> <span class='ocrx_word' id='word_1_98' title='bbox 719 1053 805 1094; x_wconf 89' lang='lat' dir='ltr'>tuti</span> <span class='ocrx_word' id='word_1_99' title='bbox 843 1058 958 1094; x_wconf 87' lang='lat' dir='ltr'>sunt.</span> <span class='ocrx_word' id='word_1_100' title='bbox 1020 1053 1236 1105; x_wconf 86' lang='lat' dir='ltr'>Reudigni</span> <span class='ocrx_word' id='word_1_101' title='bbox 1273 1053 1427 1094; x_wconf 91' lang='lat' dir='ltr'>deinde</span> <span class='ocrx_word' id='word_1_102' title='bbox 1464 1057 1509 1094; x_wconf 88' lang='lat' dir='ltr'>et</span> 
     </span>
     <span class='ocr_line' id='line_1_16' title="bbox 102 1120 1508 1171; baseline -0.001 -9"><span class='ocrx_word' id='word_1_103' title='bbox 102 1121 290 1162; x_wconf 86' lang='lat' dir='ltr'>Aviones</span> <span class='ocrx_word' id='word_1_104' title='bbox 320 1126 362 1161; x_wconf 92' lang='lat' dir='ltr'>et</span> <span class='ocrx_word' id='word_1_105' title='bbox 394 1120 536 1171; x_wconf 85' lang='lat' dir='ltr'>Anglii</span> <span class='ocrx_word' id='word_1_106' title='bbox 567 1126 609 1161; x_wconf 86' lang='lat' dir='ltr'>et</span> <span class='ocrx_word' id='word_1_107' title='bbox 641 1120 788 1160; x_wconf 78' lang='lat' dir='ltr'>Varini</span> <span class='ocrx_word' id='word_1_108' title='bbox 819 1125 862 1161; x_wconf 90' lang='lat' dir='ltr'>et</span> <span class='ocrx_word' id='word_1_109' title='bbox 894 1120 1087 1161; x_wconf 88' lang='lat' dir='ltr'>Eudoses</span> <span class='ocrx_word' id='word_1_110' title='bbox 1117 1125 1161 1161; x_wconf 89' lang='lat' dir='ltr'>et</span> <span class='ocrx_word' id='word_1_111' title='bbox 1191 1120 1435 1161; x_wconf 88' lang='lat' dir='ltr'>Suardones</span> <span class='ocrx_word' id='word_1_112' title='bbox 1464 1124 1508 1161; x_wconf 91' lang='lat' dir='ltr'>et</span> 
     </span>
    </p>

    <p class='ocr_par' dir='ltr' id='par_1_7' title="bbox 67 1186 1508 1504">
     <span class='ocr_line' id='line_1_17' title="bbox 67 1186 1508 1238; baseline -0.001 -9"><span class='ocrx_word' id='word_1_113' title='bbox 67 1200 88 1230; x_wconf 89' lang='lat'>5</span> <span class='ocrx_word' id='word_1_114' title='bbox 102 1188 348 1228; x_wconf 89' lang='lat' dir='ltr'>Nuithones</span> <span class='ocrx_word' id='word_1_115' title='bbox 361 1187 610 1227; x_wconf 87' lang='lat' dir='ltr'>fluminibus</span> <span class='ocrx_word' id='word_1_116' title='bbox 625 1191 701 1227; x_wconf 91' lang='lat' dir='ltr'>aut</span> <span class='ocrx_word' id='word_1_117' title='bbox 712 1186 829 1227; x_wconf 86' lang='lat' dir='ltr'>silvis</span> <span class='ocrx_word' id='word_1_118' title='bbox 839 1187 1107 1228; x_wconf 89' lang='lat' dir='ltr'>muniuntur.</span> <span class='ocrx_word' id='word_1_119' title='bbox 1168 1187 1260 1228; x_wconf 84' lang='lat' dir='ltr'>Nec</span> <span class='ocrx_word' id='word_1_120' title='bbox 1274 1186 1508 1238; x_wconf 84' lang='lat' dir='ltr'>quicquam</span> 
     </span>
     <span class='ocr_line' id='line_1_18' title="bbox 101 1253 1508 1305; baseline -0.001 -10"><span class='ocrx_word' id='word_1_121' title='bbox 101 1254 292 1295; x_wconf 87' lang='lat' dir='ltr'>notabile</span> <span class='ocrx_word' id='word_1_122' title='bbox 314 1253 357 1294; x_wconf 89' lang='lat' dir='ltr'>in</span> <span class='ocrx_word' id='word_1_123' title='bbox 379 1253 567 1305; x_wconf 90' lang='lat' dir='ltr'>singulis,</span> <span class='ocrx_word' id='word_1_124' title='bbox 587 1253 667 1294; x_wconf 91' lang='lat' dir='ltr'>nisi</span> <span class='ocrx_word' id='word_1_125' title='bbox 684 1253 800 1305; x_wconf 89' lang='lat' dir='ltr'>quod</span> <span class='ocrx_word' id='word_1_126' title='bbox 822 1253 865 1293; x_wconf 90' lang='lat' dir='ltr'>in</span> <span class='ocrx_word' id='word_1_127' title='bbox 883 1267 1111 1295; x_wconf 83' lang='lat' dir='ltr'>commune</span> <span class='ocrx_word' id='word_1_128' title='bbox 1132 1253 1364 1304; x_wconf 79' lang='lat' dir='ltr'>Nerthum,</span> <span class='ocrx_word' id='word_1_129' title='bbox 1382 1253 1425 1294; x_wconf 93' lang='lat' dir='ltr'>id</span> <span class='ocrx_word' id='word_1_130' title='bbox 1442 1257 1508 1295; x_wconf 89' lang='lat' dir='ltr'>est</span> 
     </span>
     <span class='ocr_line' id='line_1_19' title="bbox 101 1319 1506 1371; baseline -0.001 -9"><span class='ocrx_word' id='word_1_131' title='bbox 101 1321 281 1362; x_wconf 88' lang='lat' dir='ltr'>Terram</span> <span class='ocrx_word' id='word_1_132' title='bbox 295 1325 493 1370; x_wconf 84' lang='lat' dir='ltr'>matrem,</span> <span class='ocrx_word' id='word_1_133' title='bbox 510 1320 655 1361; x_wconf 90' lang='lat' dir='ltr'>colunt</span> <span class='ocrx_word' id='word_1_134' title='bbox 668 1334 850 1371; x_wconf 89' lang='lat' dir='ltr'>eamque</span> <span class='ocrx_word' id='word_1_135' title='bbox 861 1319 1121 1361; x_wconf 82' lang='lat' dir='ltr'>intervenire</span> <span class='ocrx_word' id='word_1_136' title='bbox 1130 1321 1257 1361; x_wconf 92' lang='lat' dir='ltr'>rebus</span> <span class='ocrx_word' id='word_1_137' title='bbox 1267 1319 1506 1371; x_wconf 81' lang='lat' dir='ltr'>hominum,</span> 
     </span>
     <span class='ocr_line' id='line_1_20' title="bbox 101 1386 1508 1438; baseline 0 -11"><span class='ocrx_word' id='word_1_138' title='bbox 101 1387 246 1428; x_wconf 90' lang='lat' dir='ltr'>invehi</span> <span class='ocrx_word' id='word_1_139' title='bbox 268 1386 438 1438; x_wconf 86' lang='lat' dir='ltr'>populis</span> <span class='ocrx_word' id='word_1_140' title='bbox 459 1387 741 1428; x_wconf 88' lang='lat' dir='ltr'>arbitrantur.</span> <span class='ocrx_word' id='word_1_141' title='bbox 803 1388 882 1427; x_wconf 88' lang='lat' dir='ltr'>Est</span> <span class='ocrx_word' id='word_1_142' title='bbox 903 1386 946 1426; x_wconf 89' lang='lat' dir='ltr'>in</span> <span class='ocrx_word' id='word_1_143' title='bbox 978 1386 1118 1427; x_wconf 87' lang='lat' dir='ltr'>insula</span> <span class='ocrx_word' id='word_1_144' title='bbox 1148 1386 1307 1428; x_wconf 88' lang='lat' dir='ltr'>Oceani</span> <span class='ocrx_word' id='word_1_145' title='bbox 1339 1391 1508 1427; x_wconf 85' lang='lat' dir='ltr'>castum</span> 
     </span>
     <span class='ocr_line' id='line_1_21' title="bbox 101 1453 1507 1504; baseline 0 -10"><span class='ocrx_word' id='word_1_146' title='bbox 101 1468 265 1504; x_wconf 89' lang='lat' dir='ltr'>nemus,</span> <span class='ocrx_word' id='word_1_147' title='bbox 303 1454 583 1504; x_wconf 87' lang='lat' dir='ltr'>dicatumque</span> <span class='ocrx_word' id='word_1_148' title='bbox 617 1453 661 1493; x_wconf 92' lang='lat' dir='ltr'>in</span> <span class='ocrx_word' id='word_1_149' title='bbox 696 1467 746 1494; x_wconf 92' lang='lat' dir='ltr'>eo</span> <span class='ocrx_word' id='word_1_150' title='bbox 780 1453 1041 1504; x_wconf 88' lang='lat' dir='ltr'>vehiculum,</span> <span class='ocrx_word' id='word_1_151' title='bbox 1079 1457 1199 1494; x_wconf 87' lang='lat' dir='ltr'>veste</span> <span class='ocrx_word' id='word_1_152' title='bbox 1235 1458 1507 1504; x_wconf 86' lang='lat' dir='ltr'>contectum;</span> 
     </span>
    </p>

    <p class='ocr_par' dir='ltr' id='par_1_8' title="bbox 49 1519 1508 1837">
     <span class='ocr_line' id='line_1_22' title="bbox 49 1519 1507 1572; baseline -0.001 -10"><span class='ocrx_word' id='word_1_153' title='bbox 49 1533 88 1563; x_wconf 88' lang='lat'>10</span> <span class='ocrx_word' id='word_1_154' title='bbox 101 1521 314 1572; x_wconf 90' lang='lat' dir='ltr'>attingere</span> <span class='ocrx_word' id='word_1_155' title='bbox 355 1520 429 1561; x_wconf 89' lang='lat' dir='ltr'>uni</span> <span class='ocrx_word' id='word_1_156' title='bbox 471 1519 684 1561; x_wconf 89' lang='lat' dir='ltr'>sacerdoti</span> <span class='ocrx_word' id='word_1_157' title='bbox 721 1533 982 1560; x_wconf 88' lang='lat' dir='ltr'>concessum.</span> <span class='ocrx_word' id='word_1_158' title='bbox 1045 1520 1088 1560; x_wconf 92' lang='lat' dir='ltr'>Is</span> <span class='ocrx_word' id='word_1_159' title='bbox 1118 1520 1266 1560; x_wconf 89' lang='lat' dir='ltr'>adesse</span> <span class='ocrx_word' id='word_1_160' title='bbox 1297 1519 1507 1571; x_wconf 90' lang='lat' dir='ltr'>penetrali</span> 
     </span>
     <span class='ocr_line' id='line_1_23' title="bbox 101 1586 1508 1637; baseline -0.001 -10"><span class='ocrx_word' id='word_1_161' title='bbox 101 1588 227 1628; x_wconf 88' lang='lat' dir='ltr'>deam</span> <span class='ocrx_word' id='word_1_162' title='bbox 247 1586 455 1637; x_wconf 85' lang='lat' dir='ltr'>intellegit</span> <span class='ocrx_word' id='word_1_163' title='bbox 476 1591 736 1637; x_wconf 85' lang='lat' dir='ltr'>vectamque</span> <span class='ocrx_word' id='word_1_164' title='bbox 754 1586 896 1627; x_wconf 90' lang='lat' dir='ltr'>bubus</span> <span class='ocrx_word' id='word_1_165' title='bbox 916 1586 1085 1627; x_wconf 87' lang='lat' dir='ltr'>feminis</span> <span class='ocrx_word' id='word_1_166' title='bbox 1105 1586 1244 1627; x_wconf 88' lang='lat' dir='ltr'>multa</span> <span class='ocrx_word' id='word_1_167' title='bbox 1263 1600 1361 1626; x_wconf 90' lang='lat' dir='ltr'>cum</span> <span class='ocrx_word' id='word_1_168' title='bbox 1379 1600 1508 1627; x_wconf 91' lang='lat' dir='ltr'>vene-</span> 
     </span>
     <span class='ocr_line' id='line_1_24' title="bbox 100 1652 1508 1704; baseline -0.001 -10"><span class='ocrx_word' id='word_1_169' title='bbox 100 1654 267 1694; x_wconf 89' lang='lat' dir='ltr'>ratione</span> <span class='ocrx_word' id='word_1_170' title='bbox 286 1653 573 1704; x_wconf 84' lang='lat' dir='ltr'>prosequitur.</span> <span class='ocrx_word' id='word_1_171' title='bbox 635 1652 757 1694; x_wconf 88' lang='lat' dir='ltr'>Laeti</span> <span class='ocrx_word' id='word_1_172' title='bbox 775 1658 879 1693; x_wconf 83' lang='lat' dir='ltr'>tune</span> <span class='ocrx_word' id='word_1_173' title='bbox 898 1653 1000 1703; x_wconf 91' lang='lat' dir='ltr'>dies,</span> <span class='ocrx_word' id='word_1_174' title='bbox 1020 1653 1133 1693; x_wconf 83' lang='lat' dir='ltr'>festa</span> <span class='ocrx_word' id='word_1_175' title='bbox 1149 1652 1255 1702; x_wconf 82' lang='lat' dir='ltr'>loca,</span> <span class='ocrx_word' id='word_1_176' title='bbox 1276 1666 1508 1703; x_wconf 81' lang='lat' dir='ltr'>quaecum-</span> 
     </span>
     <span class='ocr_line' id='line_1_25' title="bbox 101 1718 1504 1771; baseline -0.001 -10"><span class='ocrx_word' id='word_1_177' title='bbox 101 1735 184 1771; x_wconf 91' lang='lat' dir='ltr'>que</span> <span class='ocrx_word' id='word_1_178' title='bbox 225 1720 419 1761; x_wconf 80' lang='lat' dir='ltr'>adventu</span> <span class='ocrx_word' id='word_1_179' title='bbox 460 1719 735 1770; x_wconf 87' lang='lat' dir='ltr'>hospitioque</span> <span class='ocrx_word' id='word_1_180' title='bbox 768 1719 984 1769; x_wconf 88' lang='lat' dir='ltr'>dignatur.</span> <span class='ocrx_word' id='word_1_181' title='bbox 1045 1719 1147 1760; x_wconf 89' lang='lat' dir='ltr'>Non</span> <span class='ocrx_word' id='word_1_182' title='bbox 1188 1719 1300 1760; x_wconf 91' lang='lat' dir='ltr'>bella</span> <span class='ocrx_word' id='word_1_183' title='bbox 1340 1718 1504 1769; x_wconf 90' lang='lat' dir='ltr'>ineunt,</span> 
     </span>
     <span class='ocr_line' id='line_1_26' title="bbox 100 1785 1507 1837; baseline -0.001 -10"><span class='ocrx_word' id='word_1_184' title='bbox 100 1801 187 1827; x_wconf 88' lang='lat' dir='ltr'>non</span> <span class='ocrx_word' id='word_1_185' title='bbox 218 1801 339 1827; x_wconf 85' lang='lat' dir='ltr'>arma</span> <span class='ocrx_word' id='word_1_186' title='bbox 369 1790 572 1837; x_wconf 42' lang='lat' dir='ltr'>sumuntq</span> <span class='ocrx_word' id='word_1_187' title='bbox 604 1786 797 1827; x_wconf 89' lang='lat' dir='ltr'>clausum</span> <span class='ocrx_word' id='word_1_188' title='bbox 819 1799 945 1826; x_wconf 88' lang='lat' dir='ltr'>omne</span> <span class='ocrx_word' id='word_1_189' title='bbox 975 1786 1160 1836; x_wconf 82' lang='lat' dir='ltr'>ferrum;</span> <span class='ocrx_word' id='word_1_190' title='bbox 1198 1799 1282 1837; x_wconf 89' lang='lat' dir='ltr'>pax</span> <span class='ocrx_word' id='word_1_191' title='bbox 1312 1790 1355 1826; x_wconf 90' lang='lat' dir='ltr'>et</span> <span class='ocrx_word' id='word_1_192' title='bbox 1386 1785 1507 1836; x_wconf 91' lang='lat' dir='ltr'>quies</span> 
     </span>
    </p>

    <p class='ocr_par' dir='ltr' id='par_1_9' title="bbox 48 1851 1507 2169">
     <span class='ocr_line' id='line_1_27' title="bbox 48 1851 1507 1902; baseline -0.002 -7"><span class='ocrx_word' id='word_1_193' title='bbox 48 1865 86 1895; x_wconf 89' lang='lat'>15</span> <span class='ocrx_word' id='word_1_194' title='bbox 100 1857 204 1894; x_wconf 90' lang='lat' dir='ltr'>tunc</span> <span class='ocrx_word' id='word_1_195' title='bbox 227 1857 402 1893; x_wconf 84' lang='lat' dir='ltr'>tantum</span> <span class='ocrx_word' id='word_1_196' title='bbox 425 1857 542 1902; x_wconf 86' lang='lat' dir='ltr'>nota,</span> <span class='ocrx_word' id='word_1_197' title='bbox 567 1857 671 1893; x_wconf 90' lang='lat' dir='ltr'>tunc</span> <span class='ocrx_word' id='word_1_198' title='bbox 694 1856 870 1893; x_wconf 87' lang='lat' dir='ltr'>tantum</span> <span class='ocrx_word' id='word_1_199' title='bbox 892 1856 1052 1902; x_wconf 84' lang='lat' dir='ltr'>amata,</span> <span class='ocrx_word' id='word_1_200' title='bbox 1077 1852 1213 1892; x_wconf 87' lang='lat' dir='ltr'>donec</span> <span class='ocrx_word' id='word_1_201' title='bbox 1234 1851 1349 1892; x_wconf 90' lang='lat' dir='ltr'>idem</span> <span class='ocrx_word' id='word_1_202' title='bbox 1371 1865 1507 1893; x_wconf 86' lang='lat' dir='ltr'>sacer-</span> 
     </span>
     <span class='ocr_line' id='line_1_28' title="bbox 100 1915 1507 1969; baseline -0.001 -9"><span class='ocrx_word' id='word_1_203' title='bbox 100 1920 177 1960; x_wconf 89' lang='lat' dir='ltr'>dos</span> <span class='ocrx_word' id='word_1_204' title='bbox 226 1919 431 1960; x_wconf 85' lang='lat' dir='ltr'>satiatam</span> <span class='ocrx_word' id='word_1_205' title='bbox 481 1919 806 1959; x_wconf 87' lang='lat' dir='ltr'>conversatione</span> <span class='ocrx_word' id='word_1_206' title='bbox 854 1918 1104 1959; x_wconf 86' lang='lat' dir='ltr'>mortalium</span> <span class='ocrx_word' id='word_1_207' title='bbox 1161 1915 1286 1959; x_wconf 82' lang='lat' dir='ltr'>deam</span> <span class='ocrx_word' id='word_1_208' title='bbox 1343 1917 1507 1969; x_wconf 81' lang='lat' dir='ltr'>templo</span> 
     </span>
     <span class='ocr_line' id='line_1_29' title="bbox 100 1983 1504 2035; baseline 0 -10"><span class='ocrx_word' id='word_1_209' title='bbox 100 1986 267 2026; x_wconf 84' lang='lat' dir='ltr'>reddat.</span> <span class='ocrx_word' id='word_1_210' title='bbox 328 1986 436 2025; x_wconf 82' lang='lat' dir='ltr'>Mox</span> <span class='ocrx_word' id='word_1_211' title='bbox 472 1985 718 2026; x_wconf 86' lang='lat' dir='ltr'>vehiculum</span> <span class='ocrx_word' id='word_1_212' title='bbox 755 1989 798 2026; x_wconf 91' lang='lat' dir='ltr'>et</span> <span class='ocrx_word' id='word_1_213' title='bbox 835 1989 977 2025; x_wconf 86' lang='lat' dir='ltr'>vestes</span> <span class='ocrx_word' id='word_1_214' title='bbox 1014 1989 1070 2035; x_wconf 92' lang='lat' dir='ltr'>et,</span> <span class='ocrx_word' id='word_1_215' title='bbox 1109 1984 1144 2025; x_wconf 88' lang='lat' dir='ltr'>si</span> <span class='ocrx_word' id='word_1_216' title='bbox 1181 1985 1350 2025; x_wconf 89' lang='lat' dir='ltr'>credere</span> <span class='ocrx_word' id='word_1_217' title='bbox 1385 1983 1504 2035; x_wconf 87' lang='lat' dir='ltr'>velis,</span> 
     </span>
     <span class='ocr_line' id='line_1_30' title="bbox 100 2051 1504 2103; baseline -0.001 -11"><span class='ocrx_word' id='word_1_218' title='bbox 100 2066 260 2093; x_wconf 87' lang='lat' dir='ltr'>numen</span> <span class='ocrx_word' id='word_1_219' title='bbox 299 2052 440 2103; x_wconf 90' lang='lat' dir='ltr'>ipsum</span> <span class='ocrx_word' id='word_1_220' title='bbox 479 2057 643 2093; x_wconf 91' lang='lat' dir='ltr'>secreto</span> <span class='ocrx_word' id='word_1_221' title='bbox 681 2051 778 2092; x_wconf 84' lang='lat' dir='ltr'>lacu</span> <span class='ocrx_word' id='word_1_222' title='bbox 817 2051 1021 2092; x_wconf 89' lang='lat' dir='ltr'>abluitur.</span> <span class='ocrx_word' id='word_1_223' title='bbox 1082 2051 1202 2092; x_wconf 83' lang='lat' dir='ltr'>Servi</span> <span class='ocrx_word' id='word_1_224' title='bbox 1241 2051 1504 2101; x_wconf 90' lang='lat' dir='ltr'>ministrant,</span> 
     </span>
     <span class='ocr_line' id='line_1_31' title="bbox 100 2117 1507 2169; baseline -0.001 -10"><span class='ocrx_word' id='word_1_225' title='bbox 100 2133 208 2169; x_wconf 88' lang='lat' dir='ltr'>quos</span> <span class='ocrx_word' id='word_1_226' title='bbox 253 2119 403 2159; x_wconf 87' lang='lat' dir='ltr'>statim</span> <span class='ocrx_word' id='word_1_227' title='bbox 448 2118 562 2159; x_wconf 91' lang='lat' dir='ltr'>idem</span> <span class='ocrx_word' id='word_1_228' title='bbox 606 2118 724 2159; x_wconf 90' lang='lat' dir='ltr'>lacus</span> <span class='ocrx_word' id='word_1_229' title='bbox 768 2118 926 2159; x_wconf 87' lang='lat' dir='ltr'>haurit.</span> <span class='ocrx_word' id='word_1_230' title='bbox 986 2119 1182 2159; x_wconf 86' lang='lat' dir='ltr'>Arcanus</span> <span class='ocrx_word' id='word_1_231' title='bbox 1226 2117 1324 2158; x_wconf 87' lang='lat' dir='ltr'>hinc</span> <span class='ocrx_word' id='word_1_232' title='bbox 1369 2121 1507 2158; x_wconf 90' lang='lat' dir='ltr'>terror</span> 
     </span>
    </p>

    <p class='ocr_par' dir='ltr' id='par_1_10' title="bbox 44 2182 1506 2292">
     <span class='ocr_line' id='line_1_32' title="bbox 44 2182 1506 2236; baseline -0.001 -11"><span class='ocrx_word' id='word_1_233' title='bbox 44 2196 87 2226; x_wconf 90' lang='lat'>20</span> <span class='ocrx_word' id='word_1_234' title='bbox 100 2190 337 2236; x_wconf 80' lang='lat' dir='ltr'>sanctaque</span> <span class='ocrx_word' id='word_1_235' title='bbox 359 2184 616 2236; x_wconf 89' lang='lat' dir='ltr'>ignorantia,</span> <span class='ocrx_word' id='word_1_236' title='bbox 641 2185 744 2236; x_wconf 86' lang='lat' dir='ltr'>quid</span> <span class='ocrx_word' id='word_1_237' title='bbox 767 2184 823 2225; x_wconf 91' lang='lat' dir='ltr'>sit</span> <span class='ocrx_word' id='word_1_238' title='bbox 845 2184 964 2235; x_wconf 89' lang='lat' dir='ltr'>illud,</span> <span class='ocrx_word' id='word_1_239' title='bbox 989 2185 1106 2236; x_wconf 90' lang='lat' dir='ltr'>quod</span> <span class='ocrx_word' id='word_1_240' title='bbox 1128 2188 1305 2225; x_wconf 90' lang='lat' dir='ltr'>tantum</span> <span class='ocrx_word' id='word_1_241' title='bbox 1327 2182 1506 2236; x_wconf 92' lang='lat' dir='ltr'>perituri</span> 
     </span>
     <span class='ocr_line' id='line_1_33' title="bbox 100 2251 264 2292; baseline 0.006 -1"><span class='ocrx_word' id='word_1_242' title='bbox 100 2251 264 2292; x_wconf 83' lang='lat' dir='ltr'>vident.</span> 
     </span>
    </p>
   </div>
  </div>
 </body>
</html>
