1638 2515
144 39 203 84 24
493 53 727 86 CORNELII
761 54 926 87 TACITI
955 54 1217 88 GERMANIA

145 179 232 206 uno
264 165 484 216 differunt,
519 167 636 217 quod
668 166 830 208 femina
862 167 1135 218 dominatur;
1184 168 1227 208 in
1260 172 1436 209 tantum
1467 181 1554 210 non

146 232 276 273 modo
300 246 325 273 a
348 232 548 273 libertate
572 233 645 274 sed
670 233 803 274 etiam
828 248 853 274 a
876 234 1086 275 servitute
1110 235 1386 285 degenerant.
1444 280 1446 283 .

77 301 134 333 46
202 299 284 340 Hic
341 299 523 340 Suebiae
578 299 688 340 finis.
750 300 1036 342 Peucinorum
1094 301 1455 353 Venedorumque
1510 306 1554 343 et

146 366 391 406 Fennorum
437 366 634 407 nationes
680 366 908 408 Germanis
953 381 1008 408 an
1054 367 1264 408 Sarmatis
1310 367 1554 409 adscribam

145 432 312 482 dubito,
365 446 633 484 quamquam
684 433 873 484 Peucini,
927 448 1035 485 quos
1086 434 1265 485 quidam
1316 435 1554 476 Bastarnas

144 503 318 549 vocant,
357 513 563 549 sermone,
604 499 736 550 cultu,
776 500 875 541 sede
912 514 960 541 ac
999 500 1224 541 domiciliis
1260 505 1310 542 ut
1347 500 1555 542 Germani

111 570 293 616 bagunt.
354 565 508 606 Sordes
546 565 741 607 omnium
779 580 828 607 ac
867 571 1017 618 torpor
1055 581 1303 618 procerum;
1359 566 1554 608 conubiis

144 632 290 673 mixtis
345 632 539 673 nonnihil
595 632 638 672 in
694 633 994 674 Sarmatarum
1049 633 1250 674 habitum
1305 633 1551 674 foedantur.

145 698 307 739 Venedi
325 698 513 739 multum
531 712 580 739 ex
598 698 789 740 moribus
807 703 1033 740 traxerunt
1049 713 1057 749 ;
1091 714 1193 740 nam
1211 699 1423 751 quidquid
1441 699 1556 740 inter

145 765 354 806 Peucinos
382 766 637 816 Fennosque
665 765 872 806 silvarum
900 780 948 806 ac
977 766 1193 806 montium
1221 765 1399 817 erigitur
1425 765 1556 807 latro-

145 832 265 873 ciniis
302 836 535 883 pererrant.
597 831 655 871 Hi
692 836 839 873 tamen
885 832 998 872 inter
1034 832 1274 873 Germanos
1311 832 1457 883 potius
1493 846 1556 873 re-

92 908 131 938 10
144 899 354 948 feruntur,
381 898 483 949 quia
506 903 549 938 et
574 899 725 939 domos
749 899 889 949 figunt
913 903 956 939 et
981 903 1105 939 scuta
1128 902 1302 949 gestant
1326 903 1369 939 et
1394 898 1556 949 pedum

144 979 225 1006 usu
247 979 295 1006 ac
318 965 573 1016 pernicitate
595 965 787 1015 gaudent
805 979 812 1005 :
851 978 962 1015 quae
984 964 1131 1005 omnia
1152 964 1323 1006 diversa
1344 964 1556 1006 Sarmatis

144 1036 247 1073 sunt
265 1031 309 1072 in
329 1031 523 1082 plaustro
544 1045 741 1082 equoque
760 1030 1026 1072 viventibus.
1087 1030 1245 1072 Fennis
1263 1031 1373 1072 mira
1390 1031 1553 1082 feritas,

144 1099 272 1139 foeda
313 1102 572 1149 paupertas:
630 1111 716 1138 non
759 1111 893 1147 arma,
937 1111 1025 1138 non
1066 1097 1179 1148 equi,
1222 1111 1310 1138 non
1352 1102 1556 1148 penates;

143 1165 280 1206 victui
326 1164 471 1215 herba,
513 1164 693 1205 vestitui
740 1163 883 1215 pelles,
927 1163 1065 1204 cubile
1112 1163 1294 1205 humus:
1349 1163 1465 1205 solae
1511 1164 1556 1204 in

91 1243 130 1273 15
144 1231 314 1283 sagittis
332 1245 440 1282 spes,
461 1245 570 1282 quas
591 1231 738 1282 inopia
755 1231 855 1271 ferri
873 1230 1042 1272 ossibus
1065 1235 1283 1282 asperant.
1344 1230 1555 1282 Idemque

143 1303 329 1339 venatus
352 1298 467 1338 viros
492 1297 653 1348 pariter
677 1312 725 1338 ac
750 1297 934 1338 feminas
958 1297 1060 1347 alit;
1101 1297 1262 1348 passim
1285 1296 1400 1338 enim
1425 1296 1556 1338 comi-

144 1369 296 1406 tantur
325 1369 581 1416 partemque
602 1364 788 1415 praedae
818 1368 989 1415 petunt.
1050 1364 1142 1404 Nec
1174 1363 1290 1404 aliud
1312 1363 1555 1405 infantibus

143 1432 332 1472 ferarum
346 1431 637 1482 imbriumque
652 1430 886 1481 suffugium
902 1444 1034 1481 quam
1050 1434 1099 1471 ut
1113 1430 1158 1470 in
1173 1429 1318 1481 aliquo
1332 1444 1555 1471 ramorum

143 1513 254 1539 nexu
287 1502 596 1549 contegantur:
644 1497 727 1538 huc
759 1497 941 1538 redeunt
972 1496 1162 1547 iuvenes,
1196 1496 1276 1537 hoc
1308 1510 1460 1537 senum
1490 1510 1555 1538 re-

88 1577 130 1606 20
144 1565 430 1616 ceptaculum.
491 1564 574 1605 Sed
622 1563 793 1605 beatius
841 1564 1111 1604 arbitrantur
1158 1577 1291 1614 quam
1338 1563 1554 1614 ingemere

143 1632 267 1683 agris,
304 1631 545 1673 inlaborare
580 1631 793 1681 domibus,
831 1644 930 1671 suas
964 1630 1213 1681 alienasque
1246 1629 1445 1670 fortunas
1478 1643 1554 1681 spe

142 1703 349 1750 metuque
387 1712 582 1739 versare:
636 1696 772 1738 securi
811 1697 1018 1738 adversus
1056 1695 1263 1746 homines,
1304 1695 1440 1736 securi
1478 1696 1554 1737 ad-

143 1780 291 1806 versus
314 1765 416 1806 deos
433 1779 523 1805 rem
541 1763 837 1805 difficillimam
854 1762 1049 1804 adsecuti
1072 1767 1187 1812 sunt,
1207 1766 1257 1803 ut
1279 1761 1360 1802 illis
1376 1775 1430 1802 ne
1447 1766 1552 1803 voto

143 1832 318 1884 quidem
352 1846 460 1883 opus
494 1835 618 1872 esset.
680 1830 837 1880 Cetera
866 1829 953 1870 iam
987 1829 1209 1871 fabulosa:
1259 1827 1475 1869 Hellusios
1508 1833 1552 1869 et

77 1912 118 1941 25
144 1899 331 1940 Oxionas
368 1912 443 1939 ora
479 1897 704 1938 hominum
748 1896 993 1947 voltusque,
1013 1932 1017 1936 .
1040 1909 1219 1946 corpora
1262 1899 1395 1946 atque
1431 1899 1552 1936 artus

143 1966 331 2006 ferarum
372 1978 539 2015 gerere:
597 1964 713 2016 quod
755 1977 833 2014 ego
874 1966 924 2003 ut
965 1962 1283 2012 incompertum
1323 1961 1368 2001 in
1408 1960 1551 2002 medio

143 2031 397 2082 relinquam.
