1637 2525
673 95 935 129 omni-xxm
1437 89 1489 131 21

153 205 210 246 Et
231 205 334 246 haec
355 204 529 256 quidem
552 219 649 256 pars
670 207 906 248 Sueborum
931 209 969 248 in
991 210 1217 251 seeretiora
1238 213 1557 254 (ierniauixwss

96 271 339 324 porrigitur.
403 271 592 322 Propior,
625 278 686 318 ut,
719 287 804 323 (luo
835 275 961 315 modo
992 276 1119 326 paulo
1149 283 1249 317 aute
1281 279 1493 329 Rhenum,

95 337 154 379 sie
179 351 292 378 nune
319 337 570 378 Danuvium
596 352 764 388 sequar,
795 340 1192 383 I{ermun‹1urorum
1219 344 1384 394 civitas,
1411 347 1497 387 fida

96 403 329 454 Romanis;
370 417 506 455 eoque
531 404 630 444 solis
656 406 968 447 Gerunmmum
997 422 1079 448 non
1107 408 1147 448 in
1175 409 1267 460 ripa
1291 426 1496 452 wunner-

96 470 223 521 cium,
257 470 331 511 sed
366 469 538 521 penitus
571 475 703 521 atque
738 471 777 511 iu
812 472 1155 523 splendidissima
1191 476 1368 518 Raetiae
1402 491 1528 529 pro-5

95 536 262 578 vinciae
297 536 475 577 colonia.
539 537 701 577 Passim
738 544 774 577 et
816 539 904 578 sine
941 541 1117 581 custode
1153 547 1402 593 t1·aus(¹uut;
1452 551 1495 585 et.

95 617 193 644 cum
212 603 363 644 ceteris
380 603 581 654 gentibus
601 618 719 644 arma
740 605 867 645 modo
887 612 1112 657 castraque
1132 614 1276 648 nostra
1296 611 1496 651 ostenda-

93 683 203 720 mus,
231 669 297 711 his
323 670 474 711 domos
502 670 710 721 villasque
738 672 1019 721 patefwinnis
1047 687 1130 713 non
1159 675 1496 726 concupiscenti-

94 735 187 777 bus.
248 736 299 776 In
348 736 664 777 Hermunduris
712 737 830 777 Albis
878 739 1026 789 oritur,
1078 740 1234 781 flumen
1283 741 1493 783 inclutum
1552 784 1557 786 .

93 807 137 844 et
157 807 311 844 notum
331 803 457 853 olim;
495 817 607 843 nune
630 808 802 844 tantum
825 805 1011 845 auditur.
1511 818 1548 847 10

149 869 279 910 quta
311 870 640 910 Hermunduros
675 871 838 911 Naristi
875 886 922 911 a<-
957 871 1110 913 deinde
1145 874 1414 915 Marcomani
1448 881 1488 916 et
1504 885 1561 917 42

94 935 235 986 Quadi
257 940 406 987 agunt.
467 936 703 987 Praecipua
726 938 1105 979 3Iarcomanorum
1128 939 1261 989 gloria
1282 940 1491 992 viresque,

93 1006 226 1054 atque
258 1002 352 1054 ipsa
384 1002 516 1044 etiam
551 1003 671 1043 sedes
706 1003 838 1054 pulsis
871 1004 971 1044 olim
1007 1005 1122 1045 Boiis
1157 1006 1318 1047 virtute
1353 1013 1491 1058 parta.

93 1069 185 1110 Nec
235 1069 401 1110 Naristi
453 1069 649 1119 Quadive
701 1070 973 1119 degenerant.
1038 1072 1184 1122 anue
1236 1074 1493 1115 Germaniae

92 1135 213 1177 velut
252 1135 370 1177 frons
409 1141 487 1186 est,
530 1142 745 1187 quatenus
788 1137 990 1177 Danuvio
1032 1138 1261 1188 peragitur.
1323 1140 1528 1182 Marco-5

91 1201 231 1243 manis
274 1201 523 1253 Quadisque
567 1217 702 1253 usque
746 1203 799 1243 ad
845 1208 1035 1244 nostram
1082 1205 1332 1245 memoriam
1378 1220 1493 1257 reges

91 1282 286 1310 mansere
320 1283 371 1310 ex
404 1274 531 1319 gente
566 1269 769 1320 ipsorum,
808 1270 948 1309 nobile
983 1271 1243 1311 Marobodui
1281 1276 1323 1311 et¹
1358 1272 1491 1313 Tudri

91 1349 249 1386 genus:
299 1334 386 1376 iam
421 1340 465 1376 et
500 1340 697 1376 externos
735 1336 973 1386 patiuntur,
1011 1336 1082 1376 sed
1120 1336 1184 1376 vis
1219 1342 1259 1377 et
1298 1339 1493 1388 potentia

91 1401 262 1453 regibus
306 1415 357 1443 ex
403 1402 665 1443 auctoritate
714 1402 924 1442 Romana.
986 1403 1101 1443 Raro
1147 1403 1276 1444 armis
1321 1405 1490 1455 nostris,

91 1467 262 1519 saepius
285 1468 467 1519 pecunia
491 1468 709 1518 iuvantur,
737 1482 811 1508 ne<-
836 1468 977 1509 minus
1001 1468 1159 1509 valent.
1509 1480 1547 1508 10

147 1534 282 1576 Retro
303 1535 528 1586 Marsigni,
552 1534 712 1585 Cotini,
736 1534 821 1583 Osi,
845 1535 947 1575 Buri
969 1539 1089 1584 terga
1111 1536 1490 1577 Marcomanorum
1503 1547 1559 1579 43

92 1600 431 1653 Quadorumque
477 1601 698 1642 claudunt.
760 1602 796 1641 Ε
840 1601 995 1651 quibus
1043 1602 1252 1651 Marsigni
1298 1607 1341 1643 et
1388 1602 1492 1643 Buri

91 1681 286 1710 sermone
335 1668 541 1720 cultuque
590 1668 753 1709 Suebos
803 1668 1016 1708 referunt:
1082 1668 1262 1709 (¹otinos
1311 1668 1489 1719 Gallica,

91 1734 200 1776 Osos
232 1734 482 1776 Pannonica
514 1734 660 1785 lingua
694 1734 883 1785 coarguit
921 1748 1004 1774 non
1039 1748 1128 1774 esse
1162 1734 1413 1785 Germanos,
1449 1740 1492 1775 et

90 1801 207 1852 quod
242 1801 410 1842 tributa
445 1802 684 1853 patiuntur.
748 1802 919 1841 Partem
956 1800 1217 1841 tributorum
1254 1801 1526 1851 Sarmatae‚5

91 1872 260 1919 partem
281 1867 422 1918 Quadi
443 1872 492 1908 ut
513 1867 759 1917 alienigenis
781 1867 1007 1917 imponunt,
1026 1881 1033 1906 :
1070 1867 1229 1916 Cotini,
1252 1881 1337 1918 quo
1358 1867 1493 1917 magis

90 1934 267 1985 pudeat,
295 1939 339 1975 et
365 1935 525 1975 ferrum
553 1934 778 1974 effodiunt.
840 1934 1083 1983 Omnesque
1111 1933 1151 1972 hi
1181 1933 1325 1984 populi
1355 1948 1493 1984 pauca

91 2001 411 2052 campestrium,
426 2006 615 2041 ceterum
630 2000 765 2041 saltus
780 2005 823 2039 et.
838 1999 1018 2039 vertices
1034 1999 1245 2040 montium
1258 1999 1493 2052 iugumque

89 2066 352 2109 insederunt.
414 2067 591 2107 Dirimit
613 2066 726 2107 enim
749 2066 991 2116 scinditque
1014 2065 1215 2106 Suebiam
1239 2066 1492 2107 continuum

89 2133 305 2175 montium
341 2134 501 2184 iugum,
535 2133 649 2173 ultra
679 2133 793 2183 quod
833 2132 1041 2183 plurimae
1077 2137 1225 2181 gentes
1255 2137 1403 2183 agunt,
1443 2147 1492 2173 ex
1510 2144 1547 2173 10

90 2199 247 2251 quibus
274 2200 480 2241 latissime
498 2203 619 2250 patet
643 2198 872 2249 Lygiorum
894 2212 1047 2238 nomen
1067 2198 1108 2238 in
1132 2198 1272 2248 plures
1293 2198 1493 2240 civitates

90 2265 309 2308 diffusum.
370 2264 696 2306 Valentissimas
762 2264 1004 2305 nominasse
1068 2264 1262 2315 sufficiet,
1322 2265 1490 2315 Harios,
