1628 2515
106 52 160 95 10
591 62 822 94 οΟΒΝΕιΠ
852 61 1015 93 TACITI

103 176 176 228 qui
218 190 303 217 non
346 175 533 224 libidine,
577 174 650 214 sed
693 174 748 214 ob
790 174 1063 214 nobilitatem
1106 173 1299 224 plurimis
1339 173 1504 226 nuptiis

69 243 366 286 5a1nbiuntur.
430 242 590 281 Dotem
620 255 705 280 non
735 254 840 281 uxor
869 241 1038 290 marite,
1070 241 1143 281 sed
1174 240 1293 281 uxori
1322 241 1504 283 maritus

103 310 241 351 offert.
304 309 525 348 Intersunt
558 312 757 358 parentes
787 312 830 347 et
861 307 1089 357 propinqui
1121 321 1169 347 ae
1200 322 1379 349 munera
1410 323 1506 360 pro-

104 378 224 426 bant,
243 390 421 416 munera
437 389 522 415 non
539 374 593 414 ad
611 373 782 414 delicias
799 373 1026 414 muliebres
1042 374 1240 424 quaesita
1255 389 1332 416 nec
1348 376 1505 427 quibus

104 458 218 484 nova
251 447 390 493 nupta
423 446 632 491 comatur,
668 441 741 481 sed
776 441 907 481 boves
940 446 983 481 et
1017 441 1235 482 frenatum
1269 457 1429 493 equum
1462 447 1506 484 et

104 516 276 552 scutum
315 523 411 549 cum
450 509 613 548 framea
651 507 891 558 gladioque.
954 507 1003 546 In
1043 507 1146 548 haec
1186 523 1364 550 munera
1401 523 1507 550 uxor

52 587 91 616 10
105 577 326 628 accipitur,
339 580 470 626 atque
488 575 531 614 in
549 574 687 614 vicem
704 573 798 624 ipsa
815 587 1033 614 armorum
1051 574 1212 625 aliquid
1232 576 1323 616 viro
1341 576 1482 617 adfert
1500 590 1507 616 :

104 644 182 685 hoe
203 643 439 684 maximum
458 641 692 690 vinculum,
714 640 818 681 haec
840 654 997 681 arcana
1015 655 1148 690 sacra,
1169 641 1246 683 hos
1265 642 1508 693 coniugales

105 712 206 752 deos
220 711 500 752 arbitrantur.
556 711 624 750 Ne
638 724 681 750 se
695 709 847 750 mulier
860 714 980 749 extra
995 709 1211 750 virtutum
1226 709 1509 760 cogitationes

105 783 311 828 extraque
330 777 538 817 bellorum
559 791 682 817 casus
702 780 840 827 putet,
862 775 963 826 ipsis
983 776 1226 826 incipientis
1244 775 1508 816 matrimonii

105 844 305 895 auspiciis
342 844 601 884 admonetur
639 842 783 883 venire
821 856 864 882 se
902 841 1098 882 laborum
1137 842 1510 892 periculorumque

53 920 92 949 15
105 911 278 961 sociam,
303 910 417 951 idem
440 910 483 950 in
508 924 625 960 pace,
651 909 765 950 idem
789 909 831 949 in
857 908 1016 960 proelio
1042 922 1265 958 passuram
1289 922 1511 949 ausuram-

106 992 202 1029 que.
262 978 356 1018 Hoc
396 976 532 1017 iuncti
572 976 717 1026 boves,
759 976 839 1015 hoc
879 979 1058 1026 paratus
1097 988 1245 1025 equus,
1287 974 1367 1014 hoc
1406 974 1512 1015 data

105 1058 226 1085 arma
257 1044 530 1085 denuntiant.
592 1043 659 1084 Sic
691 1043 941 1092 vivendum,
975 1042 1033 1082 sic
1065 1041 1357 1093 pereundum:
1403 1040 1512 1081 acci-

106 1126 204 1162 pere
226 1126 281 1161 se,
306 1125 416 1162 quae
438 1110 580 1151 liberis
601 1110 812 1150 inviolata
833 1124 882 1150 ac
905 1109 1034 1159 digna
1056 1108 1222 1158 reddat,
1246 1121 1357 1158 quae
1378 1121 1512 1148 nurus

106 1178 334 1229 accipiant,
360 1191 591 1228 rursusque
615 1177 669 1217 ad
694 1180 873 1227 nepotes
896 1176 1149 1216 referantur.

42 1250 95 1281 19
165 1246 277 1295 Ergo
328 1248 479 1295 saepta
531 1243 740 1294 pudicitia
791 1247 940 1293 agunt,
989 1241 1115 1282 nullis
1166 1240 1512 1292 spectaculorum

107 1311 341 1361 inlecebris,
386 1311 512 1351 nullis
557 1309 855 1350 conviviorum
900 1308 1224 1349 inritationibus
1269 1311 1510 1358 corruptae.

108 1378 371 1418 Litterarum
419 1382 583 1417 secreta
630 1376 710 1416 viri
759 1376 919 1427 pariter
966 1389 1015 1416 ac
1063 1374 1248 1415 feminae
1295 1374 1510 1424 ignorant.

108 1444 371 1485 Paucissima
410 1444 454 1484 in
493 1448 586 1484 tam
626 1457 853 1483 numerosa
892 1446 1018 1493 gente
1058 1440 1284 1490 adulteria,
1327 1454 1513 1491 quorum

73 1525 247 1563 5poena
289 1525 490 1562 praesens
532 1514 575 1551 et
618 1509 785 1550 maritis
824 1508 1057 1560 permissa:
1100 1507 1278 1548 abscisis
1324 1506 1513 1547 crinibus

109 1579 321 1619 nudatam
362 1591 507 1618 eoram
552 1575 806 1627 propinquis
846 1574 1019 1626 expellit
1065 1574 1194 1614 domo
1239 1573 1423 1613 maritus
1463 1586 1513 1613 ac

109 1659 183 1696 per
201 1658 372 1685 omnem
391 1644 536 1684 vicum
555 1643 730 1684 verbere
749 1642 838 1693 agit
854 1656 862 1692 ;
887 1641 1133 1692 publicatae
1147 1640 1260 1680 enim
1280 1639 1514 1690 pudicitiae

108 1711 226 1752 nulla
249 1711 399 1752 venia:
439 1725 525 1751 non
549 1711 700 1759 forma,
726 1723 812 1749 non
837 1712 994 1757 aetate,
1020 1721 1105 1748 non
1129 1707 1284 1757 opibus
1306 1705 1514 1746 maritum

108 1778 333 1819 invenerit.
395 1778 536 1818 Nemo
569 1776 683 1817 enim
715 1776 799 1816 illie
832 1775 941 1816 vitia
973 1774 1096 1824 ridet,
1132 1787 1209 1814 nee
1244 1786 1514 1823 eorrumpere

58 1857 96 1887 10
109 1849 152 1885 et
192 1844 406 1895 corrumpi
445 1843 664 1885 saeculum
703 1846 898 1884 vocatur.
959 1840 1118 1881 Melius
1157 1839 1333 1891 quidem
1372 1838 1514 1879 adhuc

109 1925 183 1952 eae
215 1911 426 1961 civitates,
458 1910 501 1950 in
533 1910 689 1961 quibus
719 1913 895 1950 tantum
924 1907 1109 1958 virgines
1139 1906 1312 1947 nubunt
1342 1909 1386 1946 et
1417 1919 1514 1945 cum

110 1992 184 2028 spe
206 1982 397 2028 votoque
419 1977 562 2018 uxoris
578 1976 707 2017 semel
730 1975 995 2026 transigitur.
1056 1973 1123 2014 Sic
1137 1987 1273 2014 unum
1296 1971 1515 2022 accipiunt

110 2044 316 2085 maritum
355 2058 441 2095 quo
479 2044 608 2084 modo
647 2057 782 2083 unum
821 2055 974 2092 corpus
1012 2053 1231 2091 unamque
1269 2038 1421 2088 vitam,
1461 2051 1515 2078 ne

110 2111 198 2151 ulla
234 2111 439 2161 cogitatio
476 2110 603 2159 ultra,
643 2124 695 2150 ne
731 2109 895 2159 longior
932 2107 1159 2159 cupiditas,
1198 2120 1251 2147 ne
1287 2109 1514 2156 tamquam

58 2190 99 2219 15
111 2177 329 2227 maritum,
350 2177 422 2217 sed
450 2182 677 2227 tamquam
702 2174 1027 2216 matrimonium
1053 2177 1212 2214 ament.
1272 2172 1514 2212 Numerum

111 2244 341 2284 liberorum
370 2243 490 2283 finire
518 2247 595 2284 aut
623 2256 887 2293 quemquam
915 2255 965 2281 ex
992 2239 1192 2291 adgnatis
1219 2251 1370 2280 necare
1397 2236 1516 2288 flagi-
