1637 2525
667 109 931 141 GERMANI».
1445 99 1499 143 17

95 235 228 274 quam
248 220 472 262 Tencteris
494 221 704 272 equitum.
765 222 831 261 Sic
855 222 1077 263 instituere
1099 223 1303 273 maiorem
1342 223 1497 274 posteri
1513 237 1534 267 5

94 288 336 330 imitantur.
398 287 455 327 Hi
478 287 595 328 lusus
619 287 864 333 infantium,
891 289 992 329 ime(-
1016 289 1218 330 iuvenum
1242 290 1499 330 aemulatio:

94 358 371 406 perseverant
413 367 546 394 senes.
610 354 728 394 Inter
771 355 975 395 familiam
1018 362 1057 395 et
1105 362 1281 406 penates
1322 362 1365 396 ct
1407 356 1499 396 iura

94 420 412 462 successionum
432 419 530 470 equi
553 420 810 460 traduntur:
846 421 997 472 excipit
1023 421 1145 469 filius,
1169 436 1252 462 non
1275 428 1318 463 ut
1343 428 1496 473 cetera,

94 487 308 529 maximus
329 491 450 536 natu,
474 486 548 527 sed
572 492 698 537 prout
724 488 840 527 ferox
864 487 972 527 bello
994 495 1033 528 ct
1060 488 1219 528 melior.

151 554 280 595 quta
329 554 564 594 Tencteros
616 553 810 593 Bructeri
862 554 961 594 olim
1013 555 1318 595 occurrebant:
1385 565 1566 597 nunc33

94 620 344 662 Chamavos
390 625 433 661 et
482 619 760 669 Angrivarios
808 620 1056 669 inungi-asse
1104 627 1316 670 narratur,
1367 622 1498 672 pulsis

94 686 313 728 Bructeris
328 700 378 728 ac
401 686 573 737 penitus
595 686 744 727 excisis
766 687 1003 727 vicinarum
1027 701 1234 728 consensu
1256 688 1496 738 nationum,

93 766 168 794 seu
210 752 436 804 superbiae
479 752 578 793 odio
621 767 695 793 seu
740 754 923 804 praedae
967 754 1190 795 dulcedine
1233 769 1307 795 scu
1351 755 1499 795 favore
1561 786 1564 789 .

93 819 284 871 quodam
318 833 418 870 erga
453 833 530 860 nos
565 819 768 869 deorum;
820 835 920 861 nani
956 835 1008 861 ne
1043 821 1288 871 spectaculo
1323 821 1531 872 quidem5

93 885 241 938 proelii
260 886 465 927 invidere.
526 886 663 936 Super
682 887 903 937 sexaginta
925 887 1039 927 inilia
1062 901 1146 927 non
1167 887 1296 928 armis
1317 887 1498 939 telisque

93 952 314 1003 Romanis,
338 952 426 1003 sed,
451 952 567 1004 quod
584 953 928 1003 magnificentius
950 959 1027 1002 est,
1046 953 1324 994 oblectationi
1347 954 1498 995 oculis-

92 1021 198 1070 que'
219 1018 478 1062 ceciderunt.
555 1019 752 1069 Maneat,
798 1034 970 1070 quaeso,
1015 1020 1227 1071 duretque
1280 1020 1494 1070 gentibus,

91 1085 127 1127 si
146 1099 232 1127 non
251 1099 373 1127 amor
391 1085 541 1134 nostri,
564 1091 609 1127 at
631 1091 744 1127 certe
765 1086 912 1127 odium
938 1087 1015 1135 sui,
1039 1087 1213 1138 quando
1244 1086 1496 1137 urgentibus

91 1151 259 1204 imperii
293 1152 396 1201 fatis
431 1151 536 1192 nihil
577 1152 663 1193 iam
704 1159 922 1204 praestare
962 1153 1138 1194 fortuna
1177 1152 1315 1194 maius
1351 1157 1495 1203 potest
1512 1161 1551 1191 10

91 1232 224 1270 quam
244 1218 436 1260 hostium
457 1219 729 1260 discordiam.

146 1285 425 1337 Angrivarios
448 1290 491 1327 et
516 1285 766 1327 Chamavos
789 1300 814 1326 a
842 1291 961 1335 tergo
990 1285 1226 1335 Dulgubnii
1256 1291 1299 1326 et
1328 1285 1562 1330 Chasu-34

90 1351 169 1394 arii
195 1351 390 1402 cludunt,
420 1352 615 1403 aliaeque
642 1358 790 1403 gentes
818 1352 933 1393 haud
962 1352 1136 1403 perinde
1163 1357 1440 1401 memoratae,
1470 1365 1495 1392 a

90 1418 233 1461 fronte
265 1418 388 1460 Frisii
421 1419 653 1470 excipiunt.
715 1419 955 1459 Maioribus
989 1418 1310 1470 minoribusque
1350 1418 1494 1459 Frisiis

89 1485 352 1528 vocabulum
367 1489 434 1527 est
454 1499 506 1526 ex
526 1486 654 1527 modo
676 1485 843 1526 virium.
904 1486 1124 1537 Utraeque
1142 1485 1338 1526 nationes
1359 1498 1493 1536 usque

91 1552 147 1594 ad
179 1552 401 1593 Oceanum
432 1552 586 1593 Rheno
612 1557 934 1603 praetexuntur,
959 1551 1244 1602 ambiuntque
1278 1551 1526 1596 inmensos5

90 1618 266 1670 insuper
304 1618 423 1660 lacus
463 1623 507 1660 et
547 1618 756 1660 Romanis
797 1618 1002 1659 classibus
1042 1618 1281 1668 navigatos.
1344 1618 1492 1668 Ipsum

93 1684 199 1737 quin
236 1684 370 1727 etiam
421 1685 643 1726 Oceanum
682 1685 753 1725 illa
802 1684 1139 1735 temptavimus:
1188 1689 1232 1724 et
1273 1697 1492 1734 superesse

90 1751 233 1793 adhuc
289 1751 487 1793 Herculis
545 1751 766 1792 columnas
823 1751 940 1791 fama
996 1749 1206 1801 vulgavit,
1250 1749 1340 1791 sive
1384 1750 1492 1791 adiit

90 1817 309 1868 Hercules,
337 1832 412 1859 seu
443 1818 655 1869 quidquid
687 1817 845 1868 ubique
872 1817 1146 1867 magnificum
1177 1821 1255 1865 est,
1288 1816 1331 1856 in
1372 1815 1492 1857 clari-

89 1888 229 1926 tatem
283 1884 374 1926 eius
424 1885 578 1925 referre
621 1884 925 1925 consensimus.
987 1883 1077 1923 Nec
1117 1882 1255 1923 defuit
1286 1882 1491 1924 audentia
1507 1894 1546 1924 10

90 1950 235 1992 Druso
257 1950 529 2000 Germanico,
554 1951 627 1991 sed
649 1950 821 1991 obstitit
854 1950 1050 1990 Oceanus
1078 1949 1119 1989 in
1142 1963 1185 1989 se
1211 1948 1336 1990 simul
1358 1954 1490 2000 atque

89 2015 133 2057 in
159 2017 389 2059 Herculem
415 2017 586 2068 inquiri.
647 2017 754 2057 Mox
781 2030 905 2057 nemo
933 2015 1180 2066 temptavit,
1213 2015 1490 2066 sanctiusque

88 2096 138 2124 ac
161 2083 428 2125 reverentius
451 2084 592 2124 visum
616 2083 668 2123 de
691 2083 798 2123 actis
822 2083 999 2123 deorum
1024 2081 1191 2122 credere
1213 2095 1344 2132 quam
1369 2081 1487 2123 scire.

143 2150 368 2191 Hactenus
418 2150 460 2190 in
511 2149 777 2190 occidentem
828 2148 1105 2189 Germaniam
1157 2147 1378 2197 novimus;
1444 2148 1556 2188 in35

86 2215 426 2267 septentrionem
445 2215 606 2265 ingenti
627 2216 736 2256 flexu
757 2215 878 2255 redit.
939 2215 999 2254 Ac
1020 2214 1156 2265 primo
1175 2214 1324 2255 statim
1344 2214 1489 2255 Chau-

86 2295 234 2326 corum
255 2296 370 2334 gens,
395 2295 661 2334 quamquam
683 2281 861 2334 incipiat
883 2295 908 2322 a
930 2280 1073 2323 Frisiis
1090 2293 1139 2321 ac
1162 2285 1330 2334 partem
1352 2280 1487 2325 litoris

308 2357 330 2385 c
