1638 2515
133 91 189 134 14
619 104 852 136 CORNELII
879 105 1044 137 TACITI

129 230 178 257 ae
213 215 426 258 vocabula
461 216 637 267 habent,
675 217 875 258 autumni
912 217 1087 268 perinde
1122 231 1279 259 nomen
1326 231 1377 259 ac
1417 217 1532 260 bona

129 282 394 334 ignorantur.
791 333 798 337 ι

62 358 116 391 27
186 351 403 391 Funerum
451 349 568 390 nulla
616 350 821 391 ambitio:
885 350 928 391 id
976 351 1115 392 solum
1163 352 1431 402 observatur,
1481 355 1532 393 ut

129 430 307 468 corpora
324 416 535 457 clarorum
552 416 741 457 virorum
764 417 889 457 certis
905 417 1027 468 lignis
1045 423 1298 459 crementur.
1359 418 1532 459 Struem

128 483 217 534 rogi
234 497 310 524 nec
327 483 521 524 vestibus
538 497 614 523 nec
632 483 835 524 odoribus
852 484 1073 524 cumulant
1093 499 1099 524 :
1132 498 1209 525 sua
1227 484 1379 536 cuique
1396 498 1529 535 arma,

128 551 400 601 quorundam
433 550 520 601 igni
553 555 596 591 et
629 564 764 601 equus
804 550 1000 591 adicitur.
1068 551 1320 601 Sepulcrum
1360 565 1533 602 caespes

93 616 274 667 5erigit:
313 622 694 657 monumentorum
723 617 906 657 arduum
929 622 973 657 et
996 631 1223 668 operosum
1254 618 1459 658 honorem
1482 622 1533 658 ut

127 696 303 733 gravem
322 683 537 724 defunctis
556 688 854 734 aspernantur.
917 684 1128 724 Lamenta
1147 698 1195 724 ac
1215 683 1412 725 lacrimas
1431 684 1530 734 cito,

128 749 319 790 dolorem
335 754 378 790 et
394 750 619 790 tristitiam
636 750 759 790 tarde
776 754 958 800 ponunt.
1019 750 1206 791 Feminis
1223 750 1365 801 lugere
1381 751 1533 791 hones-

127 820 222 856 tum
256 820 333 866 est,
370 816 471 857 viris
505 816 761 856 meminisse.

183 883 302 923 Haec
328 882 371 922 in
399 897 626 923 commune
653 883 705 923 de
732 882 926 923 omnium
953 882 1269 924 Germanorum
1296 883 1457 934 origine
1482 897 1533 924 ac

74 962 114 992 10
127 949 317 990 moribus
348 949 615 1000 accepimus:
662 963 775 989 nunc
807 949 1072 999 singularum
1103 949 1297 999 gentium
1328 950 1534 990 instituta

127 1015 333 1066 ritusque,
369 1021 584 1067 quatenus
617 1016 833 1065 differant,
870 1029 980 1066 quae
1013 1015 1211 1056 nationes
1243 1030 1266 1056 e
1299 1015 1534 1057 Germania

127 1082 170 1121 in
193 1082 355 1123 Gallias
378 1082 769 1133 commigraverint,
794 1082 1032 1132 expediam.

60 1154 116 1186 28
183 1148 420 1190 Validiores
448 1149 549 1189 olim
578 1149 803 1189 Gallorum
831 1163 896 1189 res
924 1148 1054 1189 fuisse
1082 1162 1277 1190 summus
1305 1153 1534 1190 auctorum

127 1214 253 1255 divus
286 1215 421 1256 Iulius
454 1215 613 1265 tradit;
658 1229 794 1266 eoque
820 1215 1020 1256 credibile
1053 1220 1118 1256 est
1146 1215 1279 1256 etiam
1312 1215 1461 1257 Gallos
1487 1215 1532 1256 in

126 1281 406 1323 Germaniam
448 1287 758 1333 transgressos:
817 1281 1079 1332 quantulum
1121 1282 1235 1322 enim
1277 1282 1416 1323 amnis
1457 1282 1533 1323 ob-

125 1349 273 1389 stabat
301 1362 387 1400 quo
415 1349 570 1398 minus,
601 1354 651 1389 ut
679 1362 876 1400 quaeque
904 1363 1006 1399 gens
1034 1349 1269 1399 evaluerat,
1300 1353 1532 1400 occuparet

92 1420 480 1466 5permutaretque
501 1416 622 1456 sedes
645 1415 910 1466 promiscuas
931 1415 1073 1456 adhuc
1095 1420 1139 1456 et
1160 1415 1279 1456 nulla
1303 1429 1532 1467 regnorum

125 1482 321 1533 potentia
336 1482 525 1523 divisas?
585 1482 724 1533 Igitur
737 1482 849 1522 inter
863 1482 1127 1533 Hercyniam
1141 1482 1296 1523 silvam
1311 1482 1533 1523 Rhenum-

125 1563 208 1600 que
241 1553 284 1589 et
318 1549 530 1589 Moenum
563 1563 711 1590 amnes
744 1548 947 1599 Helvetii,
982 1548 1187 1589 ulteriora
1220 1549 1328 1599 Boii,
1365 1548 1531 1590 Gallica

124 1620 309 1666 utraque
343 1630 457 1666 gens,
495 1620 683 1656 tenuere.
744 1616 901 1656 Manet
936 1615 1077 1656 adhuc
1113 1615 1339 1656 Boihaemi
1372 1629 1530 1657 nomen

125 1682 423 1733 significatque
463 1682 543 1723 loci
583 1687 774 1723 veterem
814 1682 1067 1723 memoriam
1107 1681 1309 1732 quamvis
1348 1682 1530 1723 mutatis

72 1760 110 1789 10
126 1748 373 1789 cultoribus.
435 1749 516 1789 Sed
549 1753 697 1803 utrum
728 1748 921 1789 Aravisci
953 1748 996 1788 in
1030 1748 1301 1789 Pannoniam
1332 1749 1388 1790 ab
1419 1749 1528 1799 Osis,

125 1815 440 1856 Germanorum
465 1815 653 1866 natione,
681 1829 735 1856 an
761 1815 834 1856 Osi
859 1815 914 1856 ab
939 1815 1156 1856 Araviscis
1180 1815 1224 1855 in
1249 1815 1530 1857 Germaniam

125 1882 514 1933 commigraverint,
561 1897 659 1924 cum
701 1882 852 1924 eodem
895 1882 1036 1939 adhuc
1080 1897 1275 1929 sermone
1316 1882 1530 1924 institutis

124 1948 314 1989 moribus
353 1954 547 1999 utantur,
588 1949 801 1990 incertum
847 1954 924 1998 est,
966 1948 1067 2000 quia
1106 1949 1198 2000 pari
1244 1949 1346 1990 olim
1383 1948 1529 2000 inopia

125 2028 172 2054 ac
203 2014 403 2056 libertate
433 2016 583 2056 eadem
614 2016 838 2066 utriusque
868 2015 985 2066 ripae
1015 2016 1130 2056 bona
1159 2015 1360 2067 malaque
1389 2019 1526 2056 erant.

72 2090 111 2119 15
125 2081 299 2122 Treveri
321 2087 362 2122 et
385 2082 535 2123 Nervii
559 2082 669 2123 circa
691 2082 1029 2123 adfectationem
1051 2082 1334 2123 Germanicae
1355 2082 1528 2133 originis

125 2147 238 2188 ultro
259 2149 476 2189 ambitiosi
497 2153 611 2199 sunt,
635 2154 862 2200 tamquam
884 2163 958 2200 per
978 2149 1088 2190 hanc
1109 2149 1289 2200 gloriam
1309 2148 1528 2200 sanguinis

124 2228 149 2254 a
190 2214 468 2256 similitudine
510 2220 553 2256 et
595 2215 748 2256 inertia
790 2215 1013 2256 Gallorum
1055 2220 1319 2266 separentur.
1380 2216 1528 2266 Ipsam

125 2280 265 2321 Rheni
307 2281 445 2332 ripam
486 2282 603 2323 haud
645 2282 774 2323 dubie
816 2282 1133 2323 Germanorum
1174 2282 1323 2334 populi
1364 2281 1524 2334 colunt,
