1627 2525
192 442 507 491 CORNELII
555 444 780 491 TACITI
833 445 919 491 DE
963 446 1242 493 ORIGINE
1290 447 1372 494 ET

449 554 600 603 SITU
648 555 1123 604 GERMANORUM

137 700 373 743 Germania
392 701 532 743 omnis
553 716 579 743 a
601 702 736 743 Gallis
759 703 994 754 Raetisque
1015 708 1058 743 et
1082 704 1314 745 Pannoniis
1337 705 1488 746 Rheno
1505 713 1524 743 1

81 771 125 809 et
149 768 355 809 Danuvio
378 769 641 818 fluminibus,
667 783 693 809 a
716 769 925 811 Sarmatis
952 770 1167 821 Dacisque
1192 776 1345 811 mutuo
1369 777 1487 812 metu

80 838 159 876 aut
175 834 398 876 montibus
414 840 640 886 separatur
657 849 664 875 τ
698 840 839 876 cetera
857 836 1053 876 Oceanus
1071 837 1223 886 ambit,
1243 837 1354 878 latos
1371 838 1488 878 sinus

80 905 125 942 et
151 900 390 943 insularum
416 901 613 943 inmensa
640 902 783 953 spatia
812 902 1113 953 complectens,
1144 917 1280 954 nuper
1308 904 1488 954 cognitis

81 967 343 1019 quibusdam
385 968 586 1020 gentibus
630 983 678 1009 ac
723 969 905 1019 regibus,
951 982 1058 1020 quos
1102 969 1261 1010 bellum
1304 970 1521 1020 aperuit.5

81 1034 273 1085 Rhenus,
305 1034 584 1076 Raeticarum
614 1035 790 1086 Alpium
820 1035 1035 1076 inaccesso
1065 1050 1112 1076 ac
1144 1036 1366 1087 praecipiti
1397 1051 1489 1077 ver-

80 1100 164 1143 tice
203 1106 337 1152 ortus,
379 1101 549 1142 modico
590 1102 701 1143 flexu
742 1102 783 1142 in
825 1102 1092 1142 occidentem
1133 1116 1280 1143 versus
1319 1107 1489 1153 septen-

80 1167 254 1209 trionali
286 1168 458 1214 Oceano
491 1168 708 1209 miscetur.
772 1168 1001 1209 Danuvius
1034 1168 1150 1208 molli
1183 1173 1225 1209 et
1259 1168 1489 1209 clementer

81 1233 198 1276 edito
236 1234 398 1276 montis
421 1235 632 1276 Abnobae
671 1235 770 1285 iugo
795 1235 955 1275 effusus
994 1234 1128 1285 pluris
1163 1234 1343 1285 populos
1382 1235 1487 1282 adit,

81 1292 217 1342 donec
253 1300 297 1341 in
335 1301 566 1342 Ponticum
603 1315 720 1342 mare
757 1315 828 1342 sex
866 1301 1081 1342 meatibus
1117 1306 1342 1351 erumpat:
1395 1315 1489 1352 sep·
1505 1312 1544 1341 10

80 1366 240 1409 timum
265 1381 312 1409 os
338 1367 569 1419 paludibus
597 1368 807 1409 hauritur.

138 1434 261 1485 Ipsos
290 1434 531 1476 Germanos
560 1434 783 1485 indigenas
814 1434 1065 1474 crediderim
1096 1433 1358 1484 minimeque
1389 1433 1530 1474 alia-2

80 1514 178 1542 rum
195 1500 390 1552 gentium
408 1501 671 1542 adventibus
689 1506 732 1542 et
752 1500 948 1551 hospitiis
967 1500 1137 1549 mixtos,
1159 1499 1261 1550 quia
1281 1514 1357 1540 nec
1377 1504 1491 1540 terra

81 1566 196 1617 olim,
224 1567 298 1608 sed
326 1567 532 1608 classibus
559 1567 890 1608 advehebantur
917 1566 990 1617 qui
1018 1571 1186 1606 mutare
1213 1566 1334 1606 sedes
1361 1579 1491 1617 quae-

80 1633 249 1684 rebant,
268 1638 312 1675 et
329 1633 550 1675 inmensus
570 1634 684 1675 ultra
703 1638 838 1685 utque
857 1633 915 1673 sic
935 1632 1113 1673 dixerim
1133 1632 1339 1672 adversus
1359 1632 1491 1673 Ocea-

80 1713 162 1742 nus
199 1700 305 1742 raris
341 1701 398 1742 ab
436 1701 538 1742 orbe
577 1705 725 1741 nostro
764 1699 949 1741 navibus
987 1698 1145 1739 aditur.
1207 1696 1312 1748 Quis
1350 1711 1524 1749 porr0,5

81 1771 252 1818 praeter
274 1767 512 1819 perieulum
536 1767 697 1809 horridi
722 1771 766 1808 et
791 1766 927 1817 ignoti
952 1765 1093 1814 maris,
1120 1764 1222 1805 Asia
1246 1769 1323 1805 aut
1347 1764 1492 1805 Africa

80 1837 159 1875 aut
196 1833 326 1876 Italia
361 1834 511 1875 relicta
550 1834 830 1876 Germaniam
870 1835 1048 1883 peteret,
1088 1830 1316 1871 informem
1354 1830 1489 1880 terris,

80 1913 279 1952 asperam
297 1900 427 1951 caelo,
445 1901 615 1942 tristem
632 1900 751 1941 cultu
776 1900 1082 1949 adspectuque,
1100 1896 1179 1937 nisi
1199 1896 1232 1937 si
1248 1896 1389 1947 patria
1406 1896 1491 1937 sit?

137 1966 371 2009 Celebrant
403 1967 665 2008 carminibus
697 1965 900 2016 antiquis,
935 1964 1050 2015 quod
1084 1976 1219 2003 unum
1250 1963 1367 2014 apud
1400 1962 1493 2003 illos

81 2033 313 2075 memoriae
340 2038 384 2075 et
414 2033 637 2075 annalium
665 2046 798 2083 genus
827 2036 904 2080 est,
935 2030 1189 2070 Tuistonem
1220 2029 1350 2070 deum
1378 2033 1494 2069 terra
1510 2041 1548 2070 10

81 2100 261 2142 editum.
324 2100 376 2141 Ei
398 2100 535 2141 filium
558 2100 790 2147 Mannum,
815 2097 1022 2147 originem
1045 2095 1185 2145 gentis
1208 2095 1494 2136 conditorem-

82 2180 179 2218 que,
217 2167 388 2208 Manno
425 2166 502 2207 tris
538 2165 647 2206 filios
684 2164 928 2213 adsignant,
967 2176 988 2203 e
1025 2175 1210 2213 quorum
1248 2161 1494 2202 nominibus

82 2233 265 2284 proximi
307 2233 480 2274 Oceano
523 2232 803 2283 Ingaevones,
849 2228 977 2270 medii
1022 2227 1321 2278 Herminones,
1366 2226 1494 2269 ceteri

307 2310 331 2333 B
778 2295 794 2329 1
