1628 2515
106 56 135 98 4
596 48 828 98 coRNELn
860 66 1024 97 TACITI

106 179 294 229 vibrant,
333 178 437 219 nudi
475 182 551 219 aut
588 177 736 227 sagulo
773 177 899 218 leves.
962 177 1094 218 Nulla
1131 177 1272 218 cultus
1309 176 1513 228 iactatio;

105 251 229 287 scuta
267 250 441 286 tantum
481 244 721 285 lectissimis
760 244 972 285 coloribus
1011 244 1297 293 distinguunt.
1358 244 1513 285 Paucis

53 325 92 354 10
105 312 272 361 loricae,
295 312 365 352 vix
385 311 458 352 uni
478 311 657 352 alterive
677 310 806 351 cassis
826 316 902 351 aut
922 310 1055 361 galea.
1118 310 1230 361 Equi
1251 324 1336 350 non
1357 310 1510 360 forma,

105 393 190 419 non
210 378 441 419 velocitate
461 377 691 428 conspicui.
753 377 835 417 Sed
855 391 931 417 ncc
952 377 1118 417 variare
1137 391 1264 427 gyros
1284 376 1326 416 in
1347 390 1511 417 morem

104 450 300 487 nostrum
320 445 530 485 docentur
547 458 553 484 :
588 444 631 484 in
652 448 816 485 rectum
836 448 911 484 aut
932 458 1018 484 uno
1037 444 1147 484 flexu
1167 444 1340 484 dextros
1359 447 1508 494 agunt,

104 512 167 553 ita
192 512 421 553 coniuncto
447 511 562 560 orbe,
590 515 639 551 ut
665 524 790 551 nemo
817 511 1026 561 posterior
1051 510 1119 551 sit.
1182 511 1233 550 In
1259 510 1510 551 universum

104 578 352 619 aestimanti
376 577 471 629 plus
495 591 624 628 penes
648 577 837 628 peditem
861 577 1048 626 roboris;
1081 591 1219 627 eoque
1242 576 1365 617 mixti
1389 590 1511 628 proe-

52 645 276 694 15liantur,
304 649 409 695 apta
434 648 477 685 et
504 648 764 694 congruente
790 644 844 684 ad
870 648 1113 694 equestrem
1139 657 1329 694 pugnam
1354 643 1510 684 veloci-

104 716 196 752 tate
218 711 426 762 peditum‚
451 724 559 761 quos
580 724 630 750 ex
651 710 767 750 omni
790 710 1017 750 iuventute
1039 709 1227 750 delectos
1249 714 1351 750 ante
1372 709 1508 751 aciem

103 778 260 819 locant.
322 777 540 817 Definitur
567 781 610 817 et
638 790 841 817 numerus
857 790 864 827 ;
910 776 1077 817 centeni
1106 790 1156 817 ex
1183 775 1360 827 singulis
1388 776 1509 827 pagis

103 849 217 894 sunt,
251 844 381 895 idque
420 843 561 894 ipsum
594 843 706 883 inter
745 857 843 883 suos
876 848 1101 892 vocantur,
1136 847 1179 883 et
1219 843 1335 893 quod
1370 842 1508 893 primo

102 925 306 951 numerus
328 910 425 959 fuit,
451 910 537 950 iam
561 924 717 950 nomen
741 914 783 950 et
808 909 944 950 honor
967 914 1044 949 est.
1105 909 1229 949 Acies
1253 923 1328 959 per
1351 923 1508 950 cuneos

47 992 90 1021 20
103 977 388 1028 componitur.
450 976 612 1017 Cedere
644 976 749 1025 loco,
784 976 1020 1016 dummodo
1053 989 1198 1016 rursus
1229 975 1375 1026 instes,
1410 989 1508 1016 con-

102 1043 182 1084 silii
204 1057 335 1094 quam
357 1042 598 1083 formidinis
620 1042 900 1083 arbitrantur.
962 1042 1155 1092 Corpora
1177 1055 1353 1082 suorum
1374 1041 1507 1082 etiam

102 1110 145 1150 in
167 1110 308 1150 dubiis
329 1109 498 1160 proeliis
519 1109 723 1149 referunt.
784 1108 965 1149 Scutum
986 1108 1206 1158 reliquisse
1227 1107 1508 1159 praecipuum

103 1176 327 1227 flagitium,
356 1190 432 1216 nec
461 1179 538 1216 aut
565 1175 695 1215 sacris
722 1175 870 1215 adesse
898 1178 975 1215 aut
1003 1174 1231 1215 concilium
1257 1173 1363 1215 inire
1390 1173 1508 1225 igno-

102 1242 283 1283 minioso
327 1242 415 1292 fas3
475 1241 688 1292 multique
732 1241 985 1292 superstites
1028 1240 1238 1282 bellorum
1281 1240 1507 1281 infamiam

47 1322 89 1351 25
102 1309 255 1360 laqueo
278 1308 494 1349 finierunt.

65 1393 89 1425 7
158 1376 296 1426 Reges
334 1389 384 1415 ex
422 1375 663 1425 nobilitate,
705 1375 834 1415 duces
872 1388 922 1415 ex
960 1374 1124 1415 virtute
1162 1377 1354 1414 sumunt.
1415 1373 1507 1414 Nec

102 1442 272 1493 regibus
311 1441 481 1482 infinita
521 1446 598 1482 aut
638 1441 771 1482 libera
811 1445 1018 1492 potestas,
1058 1444 1103 1481 et
1143 1440 1273 1481 duces
1312 1439 1507 1491 exemplo

103 1508 247 1559 potius
283 1522 414 1559 quam
451 1507 642 1559 imperio,
681 1507 715 1548 si
752 1507 955 1558 prompti,
994 1506 1027 1547 si
1065 1505 1296 1558 conspicui,
1334 1505 1369 1547 si
1405 1510 1509 1547 antc-

103 1575 237 1616 aciem
286 1579 431 1626 agant,
482 1574 769 1615 admiratione
824 1578 1043 1624 praesunt.
1113 1573 1319 1614 Ceterum
1366 1586 1507 1624 neque

70 1641 446 1684 5animadvertere
482 1655 620 1692 neque
655 1640 828 1690 vincire,
866 1654 919 1680 ne
954 1640 1179 1680 verberare
1215 1639 1391 1690 quidem
1425 1639 1506 1680 nisi

102 1708 397 1748 sacerdotibus
427 1707 694 1758 permissum,
726 1721 811 1747 non
841 1706 964 1757 quasi
992 1706 1035 1746 in
1066 1720 1251 1757 poenam
1279 1720 1356 1747 nec
1386 1705 1507 1746 ducis

102 1774 232 1824 iussu,
263 1774 336 1815 sed
365 1774 485 1814 velut
515 1774 595 1814 deo
614 1773 877 1824 imperante,
908 1787 1037 1824 quem
1067 1773 1214 1813 adesse
1243 1772 1507 1814 bellantibus

103 1841 296 1882 credunt.
357 1840 615 1892 Effigiesque
657 1844 700 1881 et
742 1840 863 1890 signa
904 1839 1119 1890 quaedam
1161 1839 1360 1880 detracta
1399 1838 1506 1880 lucis

102 1907 145 1947 in
190 1907 397 1958 proelium
440 1907 609 1957 ferunt;
668 1906 871 1958 quodque
915 1905 1194 1957 praecipuum
1237 1905 1506 1947 fortitudinis

40 1988 79 2017 10
102 1973 433 2014 incitamentum
473 1978 551 2023 est,
593 1987 679 2014 non
720 1987 855 2022 casus,
893 1986 970 2013 nec
1009 1972 1192 2013 fortuita
1232 1971 1506 2023 conglobatio

103 2044 292 2080 turmam
315 2044 391 2080 aut
414 2054 598 2080 cuneum
620 2039 738 2089 facit,
762 2039 835 2080 sed
857 2039 1046 2079 familiae
1067 2043 1111 2079 et
1133 2038 1506 2090 propinquitates;

103 2111 146 2147 et
176 2106 219 2146 in
250 2106 442 2157 proximo
474 2106 665 2157 pignora,
697 2106 812 2146 unde
842 2105 1100 2146 feminarum
1130 2105 1322 2146 ululatus
1352 2103 1504 2154 audiri,

103 2173 217 2213 unde
255 2173 427 2223 vagitus
465 2173 711 2214 infantium.
773 2172 830 2212 Hi
870 2172 1023 2223 cuique
1061 2171 1320 2213 sanctissimi
1358 2175 1504 2220 testes,

104 2238 147 2278 hi
178 2238 352 2279 maximi
383 2239 642 2280 laudatores.
702 2239 770 2279 Ad
801 2243 974 2288 matres,
1008 2238 1063 2279 ad
1096 2237 1296 2289 coniuges
1326 2236 1508 2278 vulnera
