1628 2515
119 61 173 104 12
607 75 838 108 CORNELII
866 77 1031 109 TACITI

116 200 199 237 que
232 191 447 238 quantum
479 188 534 228 ad
567 187 632 228 ius
664 188 846 239 hospitis
878 202 1004 229 nemo
1037 189 1252 231 discernit.
1313 189 1517 241 Abeunti,

116 253 150 294 si
173 254 276 304 quid
301 254 555 305 poposcerit,
581 255 811 295 concedere
834 255 986 306 moris;
1024 261 1068 297 ct
1091 256 1293 307 poscendi
1315 256 1358 297 in
1381 256 1519 298 vicem

65 330 103 360 15
116 320 266 361 eadem
299 320 496 361 facilitas.
557 321 763 361 Gaudent
794 322 1056 372 muneribus,
1091 323 1163 363 sed
1198 337 1272 363 nec
1305 323 1411 364 data
1442 323 1520 364 im-

118 391 277 438 putant
319 401 394 428 nec
437 387 624 439 acceptis
666 388 936 439 obligantur:
994 389 1135 430 victus
1176 389 1288 430 inter
1328 389 1520 441 hospites

119 455 262 496 comis.

50 528 105 558 22
173 522 332 562 Statim
363 536 385 563 e
415 536 579 572 somno,
612 536 740 573 quem
771 523 1023 574 plerumque
1053 523 1095 563 in
1126 524 1239 564 diem
1270 524 1517 575 extrahunt,

117 588 333 639 lavantur,
367 589 536 640 saepius
568 589 718 639 calida,
752 594 801 630 ut
833 590 948 640 apud
981 603 1088 640 quos
1119 590 1352 640 plurimum
1384 591 1520 632 hiems

116 660 313 706 occupat.
375 657 503 697 Lauti
531 656 674 697 cibum
702 657 903 708 capiunt:
946 662 1170 708 separatae
1197 657 1372 707 singulis
1399 658 1520 698 sedes

117 726 160 763 et
187 736 265 763 sua
292 723 445 774 cuique
472 737 633 764 mensa.
694 724 807 764 Tum
835 724 889 764 ad
918 724 1091 773 negotia
1119 738 1195 764 nec
1223 724 1365 765 minus
1392 738 1519 776 saepe

83 799 104 829 5
117 789 171 829 ad
191 789 390 830 convivia
410 791 648 841 procedunt
667 790 837 831 armati.
899 790 1026 830 Diem
1046 795 1303 841 noctemque
1323 791 1520 832 continu-

116 869 188 896 are
210 857 403 906 potando
425 856 529 897 nulli
552 857 770 907 probrum.
832 857 1032 906 Crebrae,
1056 862 1105 897 ut
1127 857 1239 897 inter
1260 857 1517 908 vinolentos,

116 922 230 963 rixae
250 936 346 963 raro
367 922 582 972 conviciis,
605 923 774 974 saepius
795 923 923 964 caede
944 927 986 963 et
1007 923 1256 964 vulneribus
1277 924 1520 975 transigun-

116 992 200 1030 tur.
261 989 343 1030 Sed
374 994 417 1030 et
449 990 501 1030 de
536 990 860 1031 reconciliandis
891 990 934 1030 in
972 990 1110 1031 vicem
1141 990 1322 1031 inimicis
1353 995 1396 1031 et
1426 990 1520 1032 iun-

116 1055 264 1107 gendis
295 1056 597 1097 adfinitatibus
628 1060 671 1097 et
703 1057 989 1098 adsciscendis
1021 1057 1297 1108 principibus,
1331 1058 1384 1098 de
1415 1071 1520 1108 pace

64 1131 104 1161 10
117 1122 301 1173 denique
325 1137 373 1163 ac
399 1122 509 1163 bello
535 1122 787 1174 plerumque
808 1123 851 1163 in
874 1123 1083 1164 conviviis
1115 1123 1375 1174 consultant,
1408 1127 1520 1164 tam-

117 1202 249 1240 quam
276 1189 393 1230 nullo
421 1189 557 1240 magis
585 1194 779 1241 tempore
808 1194 885 1230 aut
913 1190 967 1231 ad
996 1190 1209 1241 simplices
1237 1190 1520 1241 cogitationes

117 1260 267 1307 pateat
283 1255 452 1297 animus
468 1260 545 1297 aut
561 1256 616 1297 ad
632 1271 812 1308 magnas
833 1256 1076 1298 incalescat.
1138 1257 1254 1298 Gens
1270 1271 1355 1298 non
1371 1261 1520 1298 astuta

116 1336 193 1363 nec
233 1322 386 1363 callida
423 1323 562 1374 aperit
600 1323 741 1364 adhuc
780 1328 944 1365 secreta
982 1323 1167 1374 pectoris
1204 1323 1378 1364 licentia
1414 1323 1519 1374 ioci;

117 1403 215 1440 ergo
241 1389 414 1430 detecta
439 1394 481 1430 et
508 1390 626 1430 nuda
651 1390 845 1431 omnium
870 1404 1003 1431 mens.
1065 1391 1244 1431 Postera
1269 1390 1337 1430 die
1362 1393 1520 1431 retrac-

64 1466 104 1496 15
117 1459 249 1505 tatur,
281 1460 324 1496 et
353 1456 474 1497 salva
502 1456 727 1508 utriusque
756 1457 962 1508 temporis
991 1457 1102 1497 ratio
1131 1461 1219 1497 est:
1264 1456 1517 1506 deliberant,

118 1523 221 1563 dum
238 1523 395 1573 fingere
410 1523 620 1574 nesciunt,
640 1523 926 1573 constituunt,
945 1523 1049 1564 dum
1065 1537 1204 1564 errare
1220 1537 1306 1564 non
1323 1527 1517 1574 possunt.

49 1602 106 1634 23
174 1589 301 1630 Potui
345 1603 469 1630 umor
512 1604 562 1630 ex
605 1590 765 1631 hordeo
809 1594 885 1631 aut
929 1590 1159 1639 frumento,
1212 1589 1255 1630 in
1300 1589 1520 1641 quandam

118 1655 443 1697 similitudinem
483 1656 573 1697 vini
614 1662 865 1707 corruptus:
914 1656 1096 1707 proximi
1135 1656 1253 1707 ripae
1292 1660 1336 1697 et
1369 1656 1520 1697 vinum

117 1727 375 1763 mercantur.
437 1723 535 1764 Cibi
555 1723 780 1774 simplices,
802 1723 987 1774 agrestia
1007 1737 1148 1774 poma,
1170 1737 1315 1763 recens
1334 1723 1424 1764 fera
1443 1727 1521 1764 aut

117 1789 182 1830 lac
203 1794 450 1830 concretum
467 1804 474 1830 :
509 1790 599 1831 sine
618 1794 846 1841 apparatu,
868 1790 957 1831 sine
976 1789 1283 1830 blandimentis
1302 1789 1521 1840 expellunt

84 1856 289 1897 5famem.
349 1857 568 1898 Adversus
620 1857 737 1898 sitim
788 1871 873 1898 non
926 1857 1076 1898 eadem
1115 1856 1417 1907 temperantia.
1477 1855 1521 1897 Si

118 1922 342 1963 indulseris
385 1923 585 1965 ebrietati
628 1924 893 1975 suggerendo
936 1927 1151 1975 quantum
1188 1919 1519 1974 concupiscunt,

119 1989 235 2030 haud
260 1990 401 2031 minus
425 1990 549 2031 facile
572 1990 690 2032 vitiis
714 2005 846 2042 quam
871 1990 1000 2031 armis
1024 1990 1265 2030 vincentur.

52 2061 107 2092 24
176 2056 322 2096 Genus
347 2057 690 2107 spectaculorum
714 2071 850 2098 unum
875 2061 1007 2108 atque
1031 2056 1075 2097 in
1099 2056 1217 2098 omni
1242 2060 1367 2097 coetu
1391 2055 1519 2096 idem.

120 2122 238 2162 Nudi
271 2123 459 2173 iuvenes,
494 2124 651 2174 quibus
682 2124 726 2164 id
767 2123 979 2164 ludicrum
1019 2127 1097 2173 est,
1131 2123 1244 2164 inter
1282 2122 1446 2174 gladios
1477 2136 1522 2163 se

119 2193 251 2239 atque
282 2189 459 2230 infestas
490 2190 674 2231 frameas
705 2190 818 2231 saltu
855 2190 1031 2231 iaciunt.
1092 2189 1357 2230 Exercitatio
1382 2192 1521 2230 artem

120 2255 303 2305 paravit,
337 2269 404 2296 ars
435 2257 644 2307 decorem,
677 2271 762 2298 non
794 2256 836 2296 in
868 2261 1098 2308 quaestum
1128 2260 1275 2298 tamen
1306 2259 1384 2297 aut
1413 2268 1522 2296 mer-
