<?xml version="1.0" encoding="UTF-8"?>
<!DOCTYPE html PUBLIC "-//W3C//DTD XHTML 1.0 Transitional//EN"
    "http://www.w3.org/TR/xhtml1/DTD/xhtml1-transitional.dtd">
<html xmlns="http://www.w3.org/1999/xhtml" xml:lang="en" lang="en">
 <head>
  <title>
</title>
<meta http-equiv="Content-Type" content="text/html;charset=utf-8" />
  <meta name='ocr-system' content='tesseract 3.04.00' />
  <meta name='ocr-capabilities' content='ocr_page ocr_carea ocr_par ocr_line ocrx_word'/>
</head>
<body>
  <div class='ocr_page' id='page_1' title='image "./germania00taciuoft_0050.png"; bbox 0 0 1638 2515; ppageno 0'>
   <div class='ocr_carea' id='block_1_1' title="bbox 117 71 1027 115">
    <p class='ocr_par' dir='ltr' id='par_1_1' title="bbox 117 71 1027 115">
     <span class='ocr_line' id='line_1_1' title="bbox 117 71 1027 115; baseline -0.001 -2"><span class='ocrx_word' id='word_1_1' title='bbox 117 71 173 115; x_wconf 89' lang='grc'>18</span> <span class='ocrx_word' id='word_1_2' title='bbox 600 82 832 114; x_wconf 84' lang='lat' dir='ltr'>CORNELII</span> <span class='ocrx_word' id='word_1_3' title='bbox 862 82 1027 114; x_wconf 85' lang='lat' dir='ltr'><strong>TACITI</strong></span> 
     </span>
    </p>
   </div>
   <div class='ocr_carea' id='block_1_2' title="bbox 44 191 1520 2314">
    <p class='ocr_par' dir='ltr' id='par_1_2' title="bbox 80 191 1520 580">
     <span class='ocr_line' id='line_1_2' title="bbox 114 191 1520 246; baseline -0.002 -10"><span class='ocrx_word' id='word_1_4' title='bbox 114 199 308 246; x_wconf 88' lang='lat' dir='ltr'>occupet,</span> <span class='ocrx_word' id='word_1_5' title='bbox 333 195 526 236; x_wconf 90' lang='lat' dir='ltr'>omnium</span> <span class='ocrx_word' id='word_1_6' title='bbox 549 208 656 246; x_wconf 84' lang='lat' dir='ltr'>quas</span> <span class='ocrx_word' id='word_1_7' title='bbox 679 194 853 245; x_wconf 80' lang='lat' dir='ltr'>exposui</span> <span class='ocrx_word' id='word_1_8' title='bbox 875 193 1069 245; x_wconf 80' lang='lat' dir='ltr'>gentium</span> <span class='ocrx_word' id='word_1_9' title='bbox 1091 192 1298 235; x_wconf 90' lang='lat' dir='ltr'>lateribus</span> <span class='ocrx_word' id='word_1_10' title='bbox 1319 191 1520 234; x_wconf 76' lang='lat' dir='ltr'>obtendi-v</span> 
     </span>
     <span class='ocr_line' id='line_1_3' title="bbox 80 259 1516 312; baseline -0.003 -8"><span class='ocrx_word' id='word_1_11' title='bbox 80 267 198 312; x_wconf 88' lang='lat' dir='ltr'>5tur‚</span> <span class='ocrx_word' id='word_1_12' title='bbox 230 262 364 303; x_wconf 86' lang='lat' dir='ltr'>donec</span> <span class='ocrx_word' id='word_1_13' title='bbox 393 262 437 302; x_wconf 91' lang='lat' dir='ltr'>in</span> <span class='ocrx_word' id='word_1_14' title='bbox 477 261 665 302; x_wconf 89' lang='lat' dir='ltr'>Chattos</span> <span class='ocrx_word' id='word_1_15' title='bbox 694 275 829 312; x_wconf 89' lang='lat' dir='ltr'>usque</span> <span class='ocrx_word' id='word_1_16' title='bbox 865 261 1071 301; x_wconf 89' lang='lat' dir='ltr'>sinuetur.</span> <span class='ocrx_word' id='word_1_17' title='bbox 1133 261 1243 301; x_wconf 85' lang='lat' dir='ltr'>Tam</span> <span class='ocrx_word' id='word_1_18' title='bbox 1272 259 1516 300; x_wconf 89' lang='lat' dir='ltr'>inmensum</span> 
     </span>
     <span class='ocr_line' id='line_1_4' title="bbox 115 325 1517 379; baseline -0.003 -10"><span class='ocrx_word' id='word_1_19' title='bbox 115 334 327 370; x_wconf 87' lang='lat' dir='ltr'>terrarum</span> <span class='ocrx_word' id='word_1_20' title='bbox 353 328 544 379; x_wconf 88' lang='lat' dir='ltr'>spatium</span> <span class='ocrx_word' id='word_1_21' title='bbox 571 341 656 368; x_wconf 91' lang='lat' dir='ltr'>non</span> <span class='ocrx_word' id='word_1_22' title='bbox 684 332 833 368; x_wconf 87' lang='lat' dir='ltr'>tenent</span> <span class='ocrx_word' id='word_1_23' title='bbox 860 332 1035 368; x_wconf 88' lang='lat' dir='ltr'>tantum</span> <span class='ocrx_word' id='word_1_24' title='bbox 1062 326 1240 376; x_wconf 84' lang='lat' dir='ltr'>Chauci,</span> <span class='ocrx_word' id='word_1_25' title='bbox 1269 326 1342 366; x_wconf 89' lang='lat' dir='ltr'>sed</span> <span class='ocrx_word' id='word_1_26' title='bbox 1369 330 1413 366; x_wconf 89' lang='lat' dir='ltr'>et</span> <span class='ocrx_word' id='word_1_27' title='bbox 1438 325 1517 365; x_wconf 92' lang='lat' dir='ltr'>im-</span> 
     </span>
     <span class='ocr_line' id='line_1_5' title="bbox 115 392 1517 447; baseline -0.003 -11"><span class='ocrx_word' id='word_1_28' title='bbox 115 395 247 447; x_wconf 84' lang='lat' dir='ltr'>plent,</span> <span class='ocrx_word' id='word_1_29' title='bbox 276 395 460 446; x_wconf 89' lang='lat' dir='ltr'>populus</span> <span class='ocrx_word' id='word_1_30' title='bbox 485 395 596 435; x_wconf 88' lang='lat' dir='ltr'>inter</span> <span class='ocrx_word' id='word_1_31' title='bbox 621 394 860 435; x_wconf 84' lang='lat' dir='ltr'>Germanos</span> <span class='ocrx_word' id='word_1_32' title='bbox 886 393 1186 442; x_wconf 83' lang='lat' dir='ltr'>nobilissimus,</span> <span class='ocrx_word' id='word_1_33' title='bbox 1215 392 1374 443; x_wconf 88' lang='lat' dir='ltr'>quique</span> <span class='ocrx_word' id='word_1_34' title='bbox 1399 406 1517 443; x_wconf 86' lang='lat' dir='ltr'>mag-</span> 
     </span>
     <span class='ocr_line' id='line_1_6' title="bbox 115 459 1514 510; baseline -0.002 -8"><span class='ocrx_word' id='word_1_35' title='bbox 115 462 357 503; x_wconf 85' lang='lat' dir='ltr'>nitudinem</span> <span class='ocrx_word' id='word_1_36' title='bbox 397 475 521 502; x_wconf 90' lang='lat' dir='ltr'>suam</span> <span class='ocrx_word' id='word_1_37' title='bbox 560 461 683 502; x_wconf 89' lang='lat' dir='ltr'>malit</span> <span class='ocrx_word' id='word_1_38' title='bbox 723 460 890 501; x_wconf 88' lang='lat' dir='ltr'>iustitia</span> <span class='ocrx_word' id='word_1_39' title='bbox 929 460 1052 501; x_wconf 89' lang='lat' dir='ltr'>tueri.</span> <span class='ocrx_word' id='word_1_40' title='bbox 1113 459 1212 500; x_wconf 80' lang='lat' dir='ltr'>Sine</span> <span class='ocrx_word' id='word_1_41' title='bbox 1253 459 1514 510; x_wconf 77' lang='lat' dir='ltr'>cupididate,</span> 
     </span>
     <span class='ocr_line' id='line_1_7' title="bbox 115 526 1514 580; baseline -0.003 -10"><span class='ocrx_word' id='word_1_42' title='bbox 115 529 203 570; x_wconf 88' lang='lat' dir='ltr'>sine</span> <span class='ocrx_word' id='word_1_43' title='bbox 235 529 505 580; x_wconf 74' lang='lat' dir='ltr'>impotentia,</span> <span class='ocrx_word' id='word_1_44' title='bbox 539 528 673 580; x_wconf 78' lang='lat' dir='ltr'>quieti</span> <span class='ocrx_word' id='word_1_45' title='bbox 705 528 941 579; x_wconf 73' lang='lat' dir='ltr'>secretique</span> <span class='ocrx_word' id='word_1_46' title='bbox 972 527 1089 568; x_wconf 87' lang='lat' dir='ltr'>nulla</span> <span class='ocrx_word' id='word_1_47' title='bbox 1120 531 1359 578; x_wconf 87' lang='lat' dir='ltr'>provocant</span> <span class='ocrx_word' id='word_1_48' title='bbox 1391 526 1514 576; x_wconf 88' lang='lat' dir='ltr'>bella,</span> 
     </span>
    </p>

    <p class='ocr_par' dir='ltr' id='par_1_3' title="bbox 62 594 1518 914">
     <span class='ocr_line' id='line_1_8' title="bbox 62 594 1517 648; baseline -0.001 -12"><span class='ocrx_word' id='word_1_49' title='bbox 62 607 101 636; x_wconf 93' lang='lat'>10</span> <span class='ocrx_word' id='word_1_50' title='bbox 115 597 240 638; x_wconf 90' lang='lat' dir='ltr'>nullis</span> <span class='ocrx_word' id='word_1_51' title='bbox 260 597 457 648; x_wconf 82' lang='lat' dir='ltr'>raptibus</span> <span class='ocrx_word' id='word_1_52' title='bbox 477 601 553 637; x_wconf 86' lang='lat' dir='ltr'>aut</span> <span class='ocrx_word' id='word_1_53' title='bbox 574 595 807 636; x_wconf 86' lang='lat' dir='ltr'>latrociniis</span> <span class='ocrx_word' id='word_1_54' title='bbox 828 595 1103 646; x_wconf 82' lang='lat' dir='ltr'>populantur.</span> <span class='ocrx_word' id='word_1_55' title='bbox 1166 595 1215 635; x_wconf 77' lang='lat' dir='ltr'>Id</span> <span class='ocrx_word' id='word_1_56' title='bbox 1238 594 1517 645; x_wconf 89' lang='lat' dir='ltr'>praecipuum</span> 
     </span>
     <span class='ocr_line' id='line_1_9' title="bbox 114 660 1518 712; baseline -0.003 -8"><span class='ocrx_word' id='word_1_57' title='bbox 114 663 290 704; x_wconf 88' lang='lat' dir='ltr'>virtutis</span> <span class='ocrx_word' id='word_1_58' title='bbox 321 678 369 704; x_wconf 86' lang='lat' dir='ltr'>ac</span> <span class='ocrx_word' id='word_1_59' title='bbox 402 663 558 703; x_wconf 90' lang='lat' dir='ltr'>virium</span> <span class='ocrx_word' id='word_1_60' title='bbox 590 667 893 712; x_wconf 70' lang='lat' dir='ltr'>argumentum</span> <span class='ocrx_word' id='word_1_61' title='bbox 925 666 1002 711; x_wconf 87' lang='lat' dir='ltr'>est,</span> <span class='ocrx_word' id='word_1_62' title='bbox 1036 662 1166 712; x_wconf 80' lang='lat' dir='ltr'>quod,</span> <span class='ocrx_word' id='word_1_63' title='bbox 1200 666 1249 701; x_wconf 88' lang='lat' dir='ltr'>ut</span> <span class='ocrx_word' id='word_1_64' title='bbox 1280 660 1518 711; x_wconf 80' lang='lat' dir='ltr'>superiores</span> 
     </span>
     <span class='ocr_line' id='line_1_10' title="bbox 114 729 1517 781; baseline -0.004 -10"><span class='ocrx_word' id='word_1_65' title='bbox 114 735 259 781; x_wconf 80' lang='lat' dir='ltr'>agant,</span> <span class='ocrx_word' id='word_1_66' title='bbox 300 744 386 770; x_wconf 91' lang='lat' dir='ltr'>non</span> <span class='ocrx_word' id='word_1_67' title='bbox 426 744 500 781; x_wconf 90' lang='lat' dir='ltr'>per</span> <span class='ocrx_word' id='word_1_68' title='bbox 538 729 713 770; x_wconf 86' lang='lat' dir='ltr'>iniurias</span> <span class='ocrx_word' id='word_1_69' title='bbox 752 729 1073 779; x_wconf 80' lang='lat' dir='ltr'>adsequuntur3</span> <span class='ocrx_word' id='word_1_70' title='bbox 1128 731 1331 778; x_wconf 89' lang='lat' dir='ltr'>prompta</span> <span class='ocrx_word' id='word_1_71' title='bbox 1369 731 1517 767; x_wconf 89' lang='lat' dir='ltr'>tamen</span> 
     </span>
     <span class='ocr_line' id='line_1_11' title="bbox 115 793 1518 847; baseline -0.002 -10"><span class='ocrx_word' id='word_1_72' title='bbox 115 797 314 837; x_wconf 88' lang='lat' dir='ltr'>omnibus</span> <span class='ocrx_word' id='word_1_73' title='bbox 339 811 459 837; x_wconf 88' lang='lat' dir='ltr'>arma</span> <span class='ocrx_word' id='word_1_74' title='bbox 482 811 545 847; x_wconf 82' lang='lat' dir='ltr'>ac,</span> <span class='ocrx_word' id='word_1_75' title='bbox 571 796 605 837; x_wconf 88' lang='lat' dir='ltr'>si</span> <span class='ocrx_word' id='word_1_76' title='bbox 630 810 695 836; x_wconf 85' lang='lat' dir='ltr'>res</span> <span class='ocrx_word' id='word_1_77' title='bbox 716 800 879 847; x_wconf 81' lang='lat' dir='ltr'>poscat,</span> <span class='ocrx_word' id='word_1_78' title='bbox 902 795 1125 845; x_wconf 81' lang='lat' dir='ltr'>exercitus,</span> <span class='ocrx_word' id='word_1_79' title='bbox 1149 794 1382 845; x_wconf 89' lang='lat' dir='ltr'>plurimum</span> <span class='ocrx_word' id='word_1_80' title='bbox 1406 793 1518 834; x_wconf 87' lang='lat' dir='ltr'>viro-</span> 
     </span>
     <span class='ocr_line' id='line_1_12' title="bbox 115 861 1323 914; baseline -0.002 -10"><span class='ocrx_word' id='word_1_81' title='bbox 115 878 210 904; x_wconf 87' lang='lat' dir='ltr'>rum</span> <span class='ocrx_word' id='word_1_82' title='bbox 237 877 556 914; x_wconf 87' lang='lat' dir='ltr'>equorumque;</span> <span class='ocrx_word' id='word_1_83' title='bbox 599 868 642 903; x_wconf 88' lang='lat' dir='ltr'>et</span> <span class='ocrx_word' id='word_1_84' title='bbox 669 863 989 913; x_wconf 81' lang='lat' dir='ltr'>quiescentibus</span> <span class='ocrx_word' id='word_1_85' title='bbox 1015 862 1166 902; x_wconf 88' lang='lat' dir='ltr'>eadem</span> <span class='ocrx_word' id='word_1_86' title='bbox 1193 861 1323 901; x_wconf 89' lang='lat' dir='ltr'>fama.</span> 
     </span>
    </p>

    <p class='ocr_par' dir='ltr' id='par_1_4' title="bbox 46 927 1519 1181">
     <span class='ocr_line' id='line_1_13' title="bbox 46 927 1518 979; baseline -0.003 -7"><span class='ocrx_word' id='word_1_87' title='bbox 46 941 103 972; x_wconf 84' lang='grc'>36</span> <span class='ocrx_word' id='word_1_88' title='bbox 172 931 222 970; x_wconf 90' lang='grc' dir='ltr'>Ι11</span> <span class='ocrx_word' id='word_1_89' title='bbox 253 930 385 971; x_wconf 73' lang='lat' dir='ltr'>latere</span> <span class='ocrx_word' id='word_1_90' title='bbox 416 930 692 970; x_wconf 87' lang='lat' dir='ltr'>Chaucorum</span> <span class='ocrx_word' id='word_1_91' title='bbox 724 930 1073 979; x_wconf 89' lang='lat' dir='ltr'>Chattorumque</span> <span class='ocrx_word' id='word_1_92' title='bbox 1104 927 1309 968; x_wconf 87' lang='lat' dir='ltr'>Cherusci</span> <span class='ocrx_word' id='word_1_93' title='bbox 1339 927 1518 968; x_wconf 89' lang='lat' dir='ltr'>nimiam</span> 
     </span>
     <span class='ocr_line' id='line_1_14' title="bbox 115 993 1519 1047; baseline -0.002 -10"><span class='ocrx_word' id='word_1_94' title='bbox 115 1011 163 1038; x_wconf 89' lang='lat' dir='ltr'>ac</span> <span class='ocrx_word' id='word_1_95' title='bbox 186 1001 450 1037; x_wconf 87' lang='lat' dir='ltr'>marcentem</span> <span class='ocrx_word' id='word_1_96' title='bbox 472 997 546 1037; x_wconf 88' lang='lat' dir='ltr'>diu</span> <span class='ocrx_word' id='word_1_97' title='bbox 568 1011 718 1047; x_wconf 86' lang='lat' dir='ltr'>pacem</span> <span class='ocrx_word' id='word_1_98' title='bbox 743 995 974 1036; x_wconf 87' lang='lat' dir='ltr'>inlacessiti</span> <span class='ocrx_word' id='word_1_99' title='bbox 996 994 1266 1035; x_wconf 87' lang='lat' dir='ltr'>nutrierunt:</span> <span class='ocrx_word' id='word_1_100' title='bbox 1301 994 1431 1045; x_wconf 87' lang='lat' dir='ltr'>idque</span> <span class='ocrx_word' id='word_1_101' title='bbox 1455 993 1519 1034; x_wconf 93' lang='lat' dir='ltr'>iu-</span> 
     </span>
     <span class='ocr_line' id='line_1_15' title="bbox 115 1060 1519 1114; baseline -0.002 -10"><span class='ocrx_word' id='word_1_102' title='bbox 115 1064 295 1104; x_wconf 87' lang='lat' dir='ltr'>cundius</span> <span class='ocrx_word' id='word_1_103' title='bbox 317 1077 449 1114; x_wconf 86' lang='lat' dir='ltr'>quam</span> <span class='ocrx_word' id='word_1_104' title='bbox 470 1063 609 1104; x_wconf 89' lang='lat' dir='ltr'>tutius</span> <span class='ocrx_word' id='word_1_105' title='bbox 630 1063 726 1112; x_wconf 82' lang='lat' dir='ltr'>fuit,</span> <span class='ocrx_word' id='word_1_106' title='bbox 751 1062 852 1113; x_wconf 87' lang='lat' dir='ltr'>quia</span> <span class='ocrx_word' id='word_1_107' title='bbox 874 1062 985 1102; x_wconf 87' lang='lat' dir='ltr'>inter</span> <span class='ocrx_word' id='word_1_108' title='bbox 1005 1061 1267 1112; x_wconf 87' lang='lat' dir='ltr'>impotentes</span> <span class='ocrx_word' id='word_1_109' title='bbox 1288 1065 1331 1101; x_wconf 89' lang='lat' dir='ltr'>et</span> <span class='ocrx_word' id='word_1_110' title='bbox 1351 1060 1519 1101; x_wconf 87' lang='lat' dir='ltr'>validos</span> 
     </span>
     <span class='ocr_line' id='line_1_16' title="bbox 114 1126 1519 1181; baseline -0.002 -11"><span class='ocrx_word' id='word_1_111' title='bbox 114 1130 221 1171; x_wconf 89' lang='lat' dir='ltr'>falso</span> <span class='ocrx_word' id='word_1_112' title='bbox 257 1130 474 1181; x_wconf 84' lang='lat' dir='ltr'>quiescas:</span> <span class='ocrx_word' id='word_1_113' title='bbox 524 1129 599 1170; x_wconf 90' lang='lat' dir='ltr'>ubi</span> <span class='ocrx_word' id='word_1_114' title='bbox 634 1143 767 1169; x_wconf 88' lang='lat' dir='ltr'>manu</span> <span class='ocrx_word' id='word_1_115' title='bbox 802 1128 956 1179; x_wconf 80' lang='lat' dir='ltr'>agitur,</span> <span class='ocrx_word' id='word_1_116' title='bbox 993 1127 1207 1168; x_wconf 87' lang='lat' dir='ltr'>modestia</span> <span class='ocrx_word' id='word_1_117' title='bbox 1241 1141 1289 1168; x_wconf 87' lang='lat' dir='ltr'>ac</span> <span class='ocrx_word' id='word_1_118' title='bbox 1324 1126 1519 1178; x_wconf 88' lang='lat' dir='ltr'>probitas</span> 
     </span>
    </p>

    <p class='ocr_par' dir='ltr' id='par_1_5' title="bbox 79 1193 1519 1515">
     <span class='ocr_line' id='line_1_17' title="bbox 79 1193 1519 1247; baseline -0.003 -10"><span class='ocrx_word' id='word_1_119' title='bbox 79 1196 289 1238; x_wconf 89' lang='lat' dir='ltr'>5nomina</span> <span class='ocrx_word' id='word_1_120' title='bbox 333 1196 561 1247; x_wconf 89' lang='lat' dir='ltr'>superioris</span> <span class='ocrx_word' id='word_1_121' title='bbox 605 1200 720 1236; x_wconf 90' lang='lat' dir='ltr'>sunt.</span> <span class='ocrx_word' id='word_1_122' title='bbox 782 1196 852 1236; x_wconf 86' lang='lat' dir='ltr'>Ita</span> <span class='ocrx_word' id='word_1_123' title='bbox 897 1195 970 1246; x_wconf 89' lang='lat' dir='ltr'>qui</span> <span class='ocrx_word' id='word_1_124' title='bbox 1015 1194 1116 1235; x_wconf 88' lang='lat' dir='ltr'>olim</span> <span class='ocrx_word' id='word_1_125' title='bbox 1160 1194 1262 1235; x_wconf 90' lang='lat' dir='ltr'>boni</span> <span class='ocrx_word' id='word_1_126' title='bbox 1306 1193 1519 1244; x_wconf 90' lang='lat' dir='ltr'>aequique</span> 
     </span>
     <span class='ocr_line' id='line_1_18' title="bbox 114 1259 1519 1314; baseline -0.003 -10"><span class='ocrx_word' id='word_1_127' title='bbox 114 1263 332 1314; x_wconf 85' lang='lat' dir='ltr'>Cherusci,</span> <span class='ocrx_word' id='word_1_128' title='bbox 355 1277 468 1304; x_wconf 90' lang='grc'><strong>1111110</strong></span> <span class='ocrx_word' id='word_1_129' title='bbox 488 1262 646 1303; x_wconf 89' lang='lat' dir='ltr'>inertes</span> <span class='ocrx_word' id='word_1_130' title='bbox 666 1277 714 1303; x_wconf 88' lang='lat' dir='ltr'>ac</span> <span class='ocrx_word' id='word_1_131' title='bbox 735 1262 858 1303; x_wconf 88' lang='lat' dir='ltr'>stulti</span> <span class='ocrx_word' id='word_1_132' title='bbox 878 1266 1115 1302; x_wconf 87' lang='lat' dir='ltr'>vocantur:</span> <span class='ocrx_word' id='word_1_133' title='bbox 1151 1260 1326 1302; x_wconf 89' lang='lat' dir='ltr'>Chattis</span> <span class='ocrx_word' id='word_1_134' title='bbox 1345 1259 1519 1301; x_wconf 90' lang='lat' dir='ltr'>victori-</span> 
     </span>
     <span class='ocr_line' id='line_1_19' title="bbox 112 1327 1519 1380; baseline -0.003 -9"><span class='ocrx_word' id='word_1_135' title='bbox 112 1330 193 1371; x_wconf 88' lang='lat' dir='ltr'>bus</span> <span class='ocrx_word' id='word_1_136' title='bbox 216 1330 392 1371; x_wconf 86' lang='lat' dir='ltr'>fortuna</span> <span class='ocrx_word' id='word_1_137' title='bbox 415 1330 458 1370; x_wconf 91' lang='lat' dir='ltr'>in</span> <span class='ocrx_word' id='word_1_138' title='bbox 482 1329 740 1380; x_wconf 84' lang='lat' dir='ltr'>sapientiam</span> <span class='ocrx_word' id='word_1_139' title='bbox 765 1328 902 1370; x_wconf 89' lang='lat' dir='ltr'>cessit.</span> <span class='ocrx_word' id='word_1_140' title='bbox 963 1327 1111 1369; x_wconf 89' lang='lat' dir='ltr'>Tracti</span> <span class='ocrx_word' id='word_1_141' title='bbox 1135 1327 1258 1368; x_wconf 91' lang='lat' dir='ltr'>ruina</span> <span class='ocrx_word' id='word_1_142' title='bbox 1282 1327 1519 1368; x_wconf 89' lang='lat' dir='ltr'>Cherusco-</span> 
     </span>
     <span class='ocr_line' id='line_1_20' title="bbox 113 1395 1519 1447; baseline -0.004 -9"><span class='ocrx_word' id='word_1_143' title='bbox 113 1411 209 1438; x_wconf 90' lang='lat' dir='ltr'>rum</span> <span class='ocrx_word' id='word_1_144' title='bbox 246 1402 289 1438; x_wconf 92' lang='lat' dir='ltr'>et</span> <span class='ocrx_word' id='word_1_145' title='bbox 327 1396 438 1447; x_wconf 86' lang='lat' dir='ltr'>Fosi,</span> <span class='ocrx_word' id='word_1_146' title='bbox 479 1396 746 1437; x_wconf 88' lang='lat' dir='ltr'>contermina</span> <span class='ocrx_word' id='word_1_147' title='bbox 782 1410 897 1446; x_wconf 82' lang='lat' dir='ltr'>gens.</span> <span class='ocrx_word' id='word_1_148' title='bbox 958 1395 1252 1435; x_wconf 88' lang='lat' dir='ltr'>Adversarum</span> <span class='ocrx_word' id='word_1_149' title='bbox 1288 1407 1431 1434; x_wconf 91' lang='lat' dir='ltr'>rerum</span> <span class='ocrx_word' id='word_1_150' title='bbox 1467 1406 1519 1434; x_wconf 86' lang='lat' dir='ltr'>ex</span> 
     </span>
     <span class='ocr_line' id='line_1_21' title="bbox 113 1460 1354 1515; baseline -0.004 -10"><span class='ocrx_word' id='word_1_151' title='bbox 113 1478 251 1515; x_wconf 88' lang='lat' dir='ltr'>aequo</span> <span class='ocrx_word' id='word_1_152' title='bbox 275 1464 376 1505; x_wconf 88' lang='lat' dir='ltr'>socii</span> <span class='ocrx_word' id='word_1_153' title='bbox 400 1468 514 1513; x_wconf 86' lang='lat' dir='ltr'>sunt,</span> <span class='ocrx_word' id='word_1_154' title='bbox 541 1477 639 1504; x_wconf 89' lang='lat' dir='ltr'>cum</span> <span class='ocrx_word' id='word_1_155' title='bbox 662 1463 706 1503; x_wconf 90' lang='lat' dir='ltr'>in</span> <span class='ocrx_word' id='word_1_156' title='bbox 730 1462 927 1503; x_wconf 88' lang='lat' dir='ltr'>secundis</span> <span class='ocrx_word' id='word_1_157' title='bbox 950 1462 1135 1502; x_wconf 90' lang='lat' dir='ltr'>minores</span> <span class='ocrx_word' id='word_1_158' title='bbox 1158 1460 1354 1501; x_wconf 87' lang='lat' dir='ltr'>fuissent.</span> 
     </span>
    </p>

    <p class='ocr_par' dir='ltr' id='par_1_6' title="bbox 44 1525 1517 1782">
     <span class='ocr_line' id='line_1_22' title="bbox 44 1525 1517 1579; baseline -0.003 -8"><span class='ocrx_word' id='word_1_159' title='bbox 44 1539 100 1572; x_wconf 78' lang='lat'>37</span> <span class='ocrx_word' id='word_1_160' title='bbox 170 1531 369 1571; x_wconf 88' lang='lat' dir='ltr'>Eundem</span> <span class='ocrx_word' id='word_1_161' title='bbox 415 1530 673 1571; x_wconf 84' lang='lat' dir='ltr'>Germaniae</span> <span class='ocrx_word' id='word_1_162' title='bbox 719 1529 860 1570; x_wconf 91' lang='lat' dir='ltr'>sinum</span> <span class='ocrx_word' id='word_1_163' title='bbox 906 1528 1087 1579; x_wconf 86' lang='lat' dir='ltr'>proximi</span> <span class='ocrx_word' id='word_1_164' title='bbox 1134 1528 1305 1568; x_wconf 88' lang='lat' dir='ltr'>Oceano</span> <span class='ocrx_word' id='word_1_165' title='bbox 1352 1525 1517 1567; x_wconf 88' lang='lat' dir='ltr'>Cimbri</span> 
     </span>
     <span class='ocr_line' id='line_1_23' title="bbox 114 1593 1517 1648; baseline -0.004 -10"><span class='ocrx_word' id='word_1_166' title='bbox 114 1602 277 1647; x_wconf 86' lang='lat' dir='ltr'>tenent,</span> <span class='ocrx_word' id='word_1_167' title='bbox 303 1612 439 1648; x_wconf 80' lang='lat' dir='ltr'>parva</span> <span class='ocrx_word' id='word_1_168' title='bbox 461 1611 575 1637; x_wconf 89' lang='lat' dir='ltr'>nunc</span> <span class='ocrx_word' id='word_1_169' title='bbox 599 1596 764 1645; x_wconf 82' lang='lat' dir='ltr'>civitas,</span> <span class='ocrx_word' id='word_1_170' title='bbox 790 1595 1020 1647; x_wconf 84' lang='lat' dir='ltr'>sedgloria</span> <span class='ocrx_word' id='word_1_171' title='bbox 1042 1594 1203 1645; x_wconf 82' lang='lat' dir='ltr'>ingens.</span> <span class='ocrx_word' id='word_1_172' title='bbox 1264 1593 1517 1644; x_wconf 90' lang='lat' dir='ltr'>Veterisque</span> 
     </span>
     <span class='ocr_line' id='line_1_24' title="bbox 112 1659 1514 1714; baseline -0.004 -9"><span class='ocrx_word' id='word_1_173' title='bbox 112 1665 254 1705; x_wconf 85' lang='lat' dir='ltr'>famae</span> <span class='ocrx_word' id='word_1_174' title='bbox 276 1664 366 1705; x_wconf 87' lang='lat' dir='ltr'>lata</span> <span class='ocrx_word' id='word_1_175' title='bbox 386 1663 569 1714; x_wconf 85' lang='lat' dir='ltr'>vestigia</span> <span class='ocrx_word' id='word_1_176' title='bbox 590 1667 781 1712; x_wconf 89' lang='lat' dir='ltr'>manent,</span> <span class='ocrx_word' id='word_1_177' title='bbox 806 1666 990 1712; x_wconf 90' lang='lat' dir='ltr'>utraque</span> <span class='ocrx_word' id='word_1_178' title='bbox 1011 1661 1104 1712; x_wconf 87' lang='lat' dir='ltr'>ripa</span> <span class='ocrx_word' id='word_1_179' title='bbox 1126 1665 1268 1702; x_wconf 87' lang='lat' dir='ltr'>castra</span> <span class='ocrx_word' id='word_1_180' title='bbox 1288 1674 1337 1701; x_wconf 89' lang='lat' dir='ltr'>ac</span> <span class='ocrx_word' id='word_1_181' title='bbox 1359 1659 1514 1710; x_wconf 89' lang='lat' dir='ltr'>spatia,</span> 
     </span>
     <span class='ocr_line' id='line_1_25' title="bbox 113 1727 1517 1782; baseline -0.004 -10"><span class='ocrx_word' id='word_1_182' title='bbox 113 1745 297 1782; x_wconf 88' lang='lat' dir='ltr'>quorum</span> <span class='ocrx_word' id='word_1_183' title='bbox 327 1730 496 1771; x_wconf 88' lang='lat' dir='ltr'>ambitu</span> <span class='ocrx_word' id='word_1_184' title='bbox 525 1744 638 1770; x_wconf 86' lang='lat' dir='ltr'>nunc</span> <span class='ocrx_word' id='word_1_185' title='bbox 669 1743 841 1780; x_wconf 89' lang='lat' dir='ltr'>quoque</span> <span class='ocrx_word' id='word_1_186' title='bbox 870 1727 1061 1769; x_wconf 91' lang='lat' dir='ltr'>metiaris</span> <span class='ocrx_word' id='word_1_187' title='bbox 1090 1727 1247 1768; x_wconf 90' lang='lat' dir='ltr'>molem</span> <span class='ocrx_word' id='word_1_188' title='bbox 1275 1740 1517 1778; x_wconf 90' lang='lat' dir='ltr'>manusque</span> 
     </span>
    </p>

    <p class='ocr_par' dir='ltr' id='par_1_7' title="bbox 79 1793 1516 2114">
     <span class='ocr_line' id='line_1_26' title="bbox 79 1793 1516 1849; baseline -0.003 -12"><span class='ocrx_word' id='word_1_189' title='bbox 79 1797 252 1849; x_wconf 79' lang='lat' dir='ltr'>5gentis</span> <span class='ocrx_word' id='word_1_190' title='bbox 288 1802 332 1838; x_wconf 86' lang='lat' dir='ltr'>et</span> <span class='ocrx_word' id='word_1_191' title='bbox 374 1802 467 1838; x_wconf 89' lang='lat' dir='ltr'>tam</span> <span class='ocrx_word' id='word_1_192' title='bbox 507 1796 653 1847; x_wconf 82' lang='lat' dir='ltr'>magni</span> <span class='ocrx_word' id='word_1_193' title='bbox 693 1796 832 1837; x_wconf 85' lang='lat' dir='ltr'>exitus</span> <span class='ocrx_word' id='word_1_194' title='bbox 872 1795 1014 1836; x_wconf 91' lang='lat' dir='ltr'>fidem.</span> <span class='ocrx_word' id='word_1_195' title='bbox 1076 1793 1436 1835; x_wconf 82' lang='lat' dir='ltr'>Sescentesimum</span> <span class='ocrx_word' id='word_1_196' title='bbox 1472 1796 1516 1834; x_wconf 87' lang='lat' dir='ltr'>et</span> 
     </span>
     <span class='ocr_line' id='line_1_27' title="bbox 113 1859 1516 1920; baseline -0.004 -15"><span class='ocrx_word' id='word_1_197' title='bbox 113 1864 491 1915; x_wconf 81' lang='lat' dir='ltr'>quadragesimum</span> <span class='ocrx_word' id='word_1_198' title='bbox 517 1877 680 1904; x_wconf 90' lang='lat' dir='ltr'>annum</span> <span class='ocrx_word' id='word_1_199' title='bbox 705 1863 807 1903; x_wconf 90' lang='lat' dir='ltr'>urbs</span> <span class='ocrx_word' id='word_1_200' title='bbox 833 1866 981 1903; x_wconf 91' lang='lat' dir='ltr'>nostra</span> <span class='ocrx_word' id='word_1_201' title='bbox 1006 1861 1175 1912; x_wconf 84' lang='lat' dir='ltr'>agebat,</span> <span class='ocrx_word' id='word_1_202' title='bbox 1193 1874 1302 1920; x_wconf 26' lang='lat' dir='ltr'>*cum</span> <span class='ocrx_word' id='word_1_203' title='bbox 1328 1859 1516 1911; x_wconf 91' lang='lat' dir='ltr'>primum</span> 
     </span>
     <span class='ocr_line' id='line_1_28' title="bbox 114 1926 1516 1979; baseline -0.003 -8"><span class='ocrx_word' id='word_1_204' title='bbox 114 1931 390 1972; x_wconf 90' lang='lat' dir='ltr'>Cimbrorum</span> <span class='ocrx_word' id='word_1_205' title='bbox 439 1930 591 1971; x_wconf 85' lang='lat' dir='ltr'>audita</span> <span class='ocrx_word' id='word_1_206' title='bbox 639 1934 742 1970; x_wconf 92' lang='lat' dir='ltr'>sunt</span> <span class='ocrx_word' id='word_1_207' title='bbox 791 1943 924 1979; x_wconf 89' lang='lat' dir='ltr'>arma,</span> <span class='ocrx_word' id='word_1_208' title='bbox 986 1927 1174 1969; x_wconf 88' lang='lat' dir='ltr'>Caecilio</span> <span class='ocrx_word' id='word_1_209' title='bbox 1223 1926 1405 1968; x_wconf 84' lang='lat' dir='ltr'>Metello</span> <span class='ocrx_word' id='word_1_210' title='bbox 1471 1930 1516 1967; x_wconf 86' lang='lat' dir='ltr'>et</span> 
     </span>
     <span class='ocr_line' id='line_1_29' title="bbox 114 1992 1516 2048; baseline -0.004 -10"><span class='ocrx_word' id='word_1_211' title='bbox 114 1998 285 2048; x_wconf 88' lang='lat' dir='ltr'>Papirio</span> <span class='ocrx_word' id='word_1_212' title='bbox 316 1997 515 2038; x_wconf 87' lang='lat' dir='ltr'>Carbone</span> <span class='ocrx_word' id='word_1_213' title='bbox 546 1996 803 2037; x_wconf 88' lang='lat' dir='ltr'>consulibus.</span> <span class='ocrx_word' id='word_1_214' title='bbox 866 1996 929 2035; x_wconf 87' lang='lat' dir='ltr'>Ex</span> <span class='ocrx_word' id='word_1_215' title='bbox 959 2009 1045 2046; x_wconf 89' lang='lat' dir='ltr'>quo</span> <span class='ocrx_word' id='word_1_216' title='bbox 1074 1994 1109 2035; x_wconf 94' lang='lat' dir='ltr'>si</span> <span class='ocrx_word' id='word_1_217' title='bbox 1139 1994 1194 2035; x_wconf 91' lang='lat' dir='ltr'>ad</span> <span class='ocrx_word' id='word_1_218' title='bbox 1224 1993 1408 2034; x_wconf 88' lang='lat' dir='ltr'>alterum</span> <span class='ocrx_word' id='word_1_219' title='bbox 1437 1992 1516 2033; x_wconf 91' lang='lat' dir='ltr'>im-</span> 
     </span>
     <span class='ocr_line' id='line_1_30' title="bbox 114 2058 1515 2114; baseline -0.004 -9"><span class='ocrx_word' id='word_1_220' title='bbox 114 2064 323 2114; x_wconf 88' lang='lat' dir='ltr'>peratoris</span> <span class='ocrx_word' id='word_1_221' title='bbox 385 2063 560 2104; x_wconf 89' lang='lat' dir='ltr'>Traiani</span> <span class='ocrx_word' id='word_1_222' title='bbox 625 2062 898 2103; x_wconf 89' lang='lat' dir='ltr'>consulatum</span> <span class='ocrx_word' id='word_1_223' title='bbox 963 2064 1278 2112; x_wconf 89' lang='lat' dir='ltr'>computemus,</span> <span class='ocrx_word' id='word_1_224' title='bbox 1339 2058 1515 2100; x_wconf 86' lang='lat' dir='ltr'>ducenti</span> 
     </span>
    </p>

    <p class='ocr_par' dir='ltr' id='par_1_8' title="bbox 62 2125 1516 2314">
     <span class='ocr_line' id='line_1_31' title="bbox 62 2125 1516 2180; baseline -0.003 -9"><span class='ocrx_word' id='word_1_225' title='bbox 62 2143 100 2173; x_wconf 90' lang='lat'>10</span> <span class='ocrx_word' id='word_1_226' title='bbox 114 2131 245 2171; x_wconf 85' lang='lat' dir='ltr'>ferme</span> <span class='ocrx_word' id='word_1_227' title='bbox 269 2134 311 2171; x_wconf 88' lang='lat' dir='ltr'>et</span> <span class='ocrx_word' id='word_1_228' title='bbox 336 2131 482 2171; x_wconf 77' lang='lat' dir='ltr'>decem·</span> <span class='ocrx_word' id='word_1_229' title='bbox 506 2129 607 2171; x_wconf 90' lang='lat' dir='ltr'>anni</span> <span class='ocrx_word' id='word_1_230' title='bbox 632 2129 913 2180; x_wconf 83' lang='lat' dir='ltr'>colliguntur:</span> <span class='ocrx_word' id='word_1_231' title='bbox 952 2132 1045 2169; x_wconf 88' lang='lat' dir='ltr'>tam</span> <span class='ocrx_word' id='word_1_232' title='bbox 1068 2127 1142 2168; x_wconf 89' lang='lat' dir='ltr'>diu</span> <span class='ocrx_word' id='word_1_233' title='bbox 1166 2126 1400 2168; x_wconf 88' lang='lat' dir='ltr'>Germania</span> <span class='ocrx_word' id='word_1_234' title='bbox 1421 2125 1516 2166; x_wconf 90' lang='lat' dir='ltr'>vin-</span> 
     </span>
     <span class='ocr_line' id='line_1_32' title="bbox 114 2193 1512 2246; baseline -0.004 -9"><span class='ocrx_word' id='word_1_235' title='bbox 114 2197 236 2237; x_wconf 90' lang='lat' dir='ltr'>citur.</span> <span class='ocrx_word' id='word_1_236' title='bbox 298 2196 447 2237; x_wconf 88' lang='lat' dir='ltr'>Medio</span> <span class='ocrx_word' id='word_1_237' title='bbox 463 2201 555 2237; x_wconf 88' lang='lat' dir='ltr'>tam</span> <span class='ocrx_word' id='word_1_238' title='bbox 572 2196 685 2246; x_wconf 85' lang='lat' dir='ltr'>longi</span> <span class='ocrx_word' id='word_1_239' title='bbox 702 2195 797 2236; x_wconf 91' lang='lat' dir='ltr'>aevi</span> <span class='ocrx_word' id='word_1_240' title='bbox 813 2195 954 2246; x_wconf 87' lang='lat' dir='ltr'>spatio</span> <span class='ocrx_word' id='word_1_241' title='bbox 971 2194 1110 2235; x_wconf 90' lang='lat' dir='ltr'>multa</span> <span class='ocrx_word' id='word_1_242' title='bbox 1125 2194 1168 2234; x_wconf 88' lang='lat' dir='ltr'>in</span> <span class='ocrx_word' id='word_1_243' title='bbox 1184 2193 1323 2234; x_wconf 87' lang='lat' dir='ltr'>vicem</span> <span class='ocrx_word' id='word_1_244' title='bbox 1339 2193 1512 2233; x_wconf 90' lang='lat' dir='ltr'>damna.</span> 
     </span>
     <span class='ocr_line' id='line_1_33' title="bbox 114 2259 1515 2314; baseline -0.004 -10"><span class='ocrx_word' id='word_1_245' title='bbox 114 2265 214 2305; x_wconf 91' lang='lat' dir='ltr'>Non</span> <span class='ocrx_word' id='word_1_246' title='bbox 253 2263 434 2314; x_wconf 81' lang='lat' dir='ltr'>Samnis,</span> <span class='ocrx_word' id='word_1_247' title='bbox 476 2276 562 2303; x_wconf 90' lang='lat' dir='ltr'>non</span> <span class='ocrx_word' id='word_1_248' title='bbox 601 2262 746 2314; x_wconf 85' lang='lat' dir='ltr'>Poeni,</span> <span class='ocrx_word' id='word_1_249' title='bbox 787 2276 873 2303; x_wconf 89' lang='lat' dir='ltr'>non</span> <span class='ocrx_word' id='word_1_250' title='bbox 912 2261 1149 2314; x_wconf 89' lang='lat' dir='ltr'>Hispaniae</span> <span class='ocrx_word' id='word_1_251' title='bbox 1187 2259 1421 2310; x_wconf 88' lang='lat' dir='ltr'>Galliaeve,</span> <span class='ocrx_word' id='word_1_252' title='bbox 1461 2271 1515 2299; x_wconf 90' lang='lat' dir='ltr'>ne</span> 
     </span>
    </p>
   </div>
  </div>
 </body>
</html>
