1627 2525
632 59 894 93 GERMANIA
1431 49 1458 94 9

113 171 267 216 Nullas
290 171 606 215 Germanorum
631 172 799 223 populis
817 173 943 213 urbes
967 171 1151 214 habitari
1175 172 1280 215 satis
1303 177 1455 215 notum
1473 185 1525 216 16

56 245 136 289 oet„
157 253 209 281 ne
227 239 320 291 pati
339 238 514 290 quidem
534 239 645 279 inter
663 253 706 279 sc
725 239 893 279 iunctas
912 240 1044 280 sedes.
1105 240 1266 280 Colunt
1286 240 1457 281 discreti

57 320 106 348 ac
133 305 304 356 diversi,
332 310 382 346 ut
408 305 518 354 fons,
548 310 595 345 ut
625 319 815 356 campus,
845 311 889 346 ut
922 320 1070 346 nemus
1098 306 1272 357 placuit.
1334 307 1458 347 Vicos

55 372 202 414 locant
234 385 321 413 non
352 371 396 412 in
429 377 626 412 nostruin
660 386 820 412 morem
855 372 1022 412 conexis
1055 379 1095 413 et
1131 373 1458 414 cohaerentibus

56 438 285 481 aedificiis:
331 452 455 480 suam
488 438 669 490 quisque
702 438 878 479 domum
911 439 1052 489 spatio
1085 439 1335 490 circumdat,
1369 440 1492 481 sive5

56 505 264 547 adversus
297 519 421 546 casus
454 504 562 556 ignis
596 505 831 546 remedium
865 505 952 546 sive
988 506 1156 546 inscitia
1189 506 1455 547 aedificandi.

57 572 126 614 Ne
149 576 472 614 caementorum
500 571 675 623 quidem
701 572 816 622 apud
843 572 935 612 illos
961 577 1035 612 aut
1064 572 1304 622 tegularum
1332 587 1458 614 usus:

57 638 240 680 materia
270 638 325 680 ad
358 638 503 679 omnia
535 642 720 679 utuntur
751 638 922 678 informi
953 644 996 679 et
1029 638 1136 679 citra
1167 639 1350 690 speciem
1381 644 1458 680 aut

57 705 402 747 delectationem.
463 704 686 755 Quaedam
720 704 813 745 loca
846 705 1091 756 diligentius
1125 705 1310 746 inlinunt
1345 711 1459 747 terra

57 771 120 812 ita
138 785 247 823 pura
264 785 314 812 ac
332 771 598 822 splendente,
620 776 667 812 ut
689 771 903 822 picturam
923 786 970 812 ac
990 771 1251 813 lineamenta
1269 771 1456 813 colorum
1474 787 1514 818 10

57 837 264 879 imitetur.
325 837 472 879 Solent
507 843 549 878 et
585 838 886 879 subterraneos
921 852 1072 889 specus
1106 839 1268 889 aperire
1302 852 1458 890 eosque

57 904 196 945 multo
224 903 398 955 insuper
425 904 528 945 fimo
564 909 758 954 onerant,
789 904 1022 955 suffugium
1060 904 1210 945 hiemis
1246 910 1285 945 et
1318 919 1458 956 recep-

57 970 251 1012 taculum
283 970 490 1022 frugibus,
525 971 627 1022 quia
659 970 839 1021 rigorem
873 971 1077 1021 frigorum
1110 971 1199 1012 eius
1231 971 1346 1012 modi
1378 971 1458 1012 loci

57 1032 270 1087 molliunt,
301 1042 345 1078 et
374 1036 409 1078 si
438 1037 614 1088 quando
644 1037 779 1078 hostis
809 1037 998 1087 advenit,
1031 1042 1182 1088 aperta
1211 1037 1455 1088 populatur,

57 1103 209 1145 abdita
227 1108 374 1145 autem
393 1108 436 1145 et
456 1104 626 1144 defossa
645 1110 719 1145 aut
741 1103 993 1155 ignorantur
1012 1110 1088 1145 aut
1107 1118 1156 1145 eo
1175 1103 1267 1155 ipso
1286 1103 1455 1154 fallunt,
1474 1118 1514 1147 15

57 1170 174 1221 quod
199 1170 446 1221 quaerenda
470 1175 585 1211 sunt.

112 1237 333 1288 Tegumen
371 1237 572 1278 omnibus
610 1251 760 1287 sagum
799 1237 931 1278 fibula
969 1242 1058 1287 aut,
1099 1237 1131 1278 si
1171 1236 1293 1287 desit,
1333 1236 1456 1288 spina
1472 1245 1524 1278 1⁷

57 1307 328 1344 consertum:
375 1308 518 1345 cetera
548 1303 698 1344 intecti
731 1309 847 1344 totos
879 1304 968 1344 dies
1000 1304 1119 1344 iuxta
1150 1303 1294 1344 focum
1325 1308 1457 1355 atque

55 1369 199 1421 ignem
238 1374 387 1421 agunt.
448 1370 791 1421 Locupletissimi
833 1375 952 1410 veste
992 1369 1329 1420 distinguuntur,
1372 1383 1457 1410 non

57 1435 270 1487 fluitante,
295 1436 406 1477 sicut
429 1436 654 1477 Sarmatae
677 1450 725 1477 ac
750 1436 912 1486 Parthi,
936 1436 1009 1476 sed
1032 1435 1184 1476 stricta
1205 1441 1248 1476 et
1270 1435 1458 1487 singulos

57 1507 178 1544 artus
220 1502 498 1554 exprimente.
560 1503 728 1544 Gerunt
772 1507 815 1543 et
859 1502 1047 1543 ferarum
1091 1501 1231 1553 pelles,
1277 1501 1492 1553 proximi5

56 1568 174 1620 ripae
201 1569 485 1620 neglegenter,
515 1569 737 1610 ulteriores
764 1568 1028 1619 exquisitius,
1058 1573 1106 1608 ut
1134 1568 1290 1619 quibus
1317 1568 1458 1609 nullus

57 1648 132 1686 per
151 1635 406 1676 commercia
425 1636 579 1677 cultus.
642 1635 817 1686 Eligunt
838 1636 948 1675 feras
967 1639 1009 1675 et
1029 1635 1225 1675 detracta
1244 1634 1459 1675 velamina

56 1706 267 1753 spargunt
309 1702 489 1743 maculis
533 1702 800 1753 pellibusque
845 1701 1080 1750 beluarum,
1127 1714 1234 1751 quas
1277 1700 1459 1741 exterior

57 1768 255 1810 Oceanus
285 1773 418 1821 atque
448 1769 644 1820 ignotum
675 1782 792 1809 mare
822 1767 969 1817 gignit.
1031 1767 1122 1808 Nec
1152 1766 1260 1808 alius
1290 1766 1459 1807 feminis

57 1847 190 1886 quam
233 1834 336 1876 viris
379 1835 567 1886 habitus,
614 1834 694 1875 nisi
738 1834 853 1885 quod
898 1833 1082 1874 feminae
1126 1832 1295 1884 saepius
1338 1832 1458 1874 lineis
1474 1843 1514 1873 10

57 1900 289 1943 amictibus
324 1901 526 1943 velantur
561 1915 718 1953 eosque
756 1914 946 1951 purpura
982 1899 1166 1949 variant,
1205 1904 1459 1951 partemque

56 1967 243 2009 vestitus
287 1968 516 2020 superioris
561 1968 604 2008 in
650 1967 840 2008 manicas
886 1981 971 2007 non
1017 1966 1270 2016 extendunt,
1318 1966 1459 2007 nudae

57 2033 234 2076 brachia
250 2048 299 2076 ac
317 2034 499 2076 lacertos
515 2049 523 2084 ;
557 2034 629 2075 sed
648 2039 689 2075 et
710 2033 902 2084 proxima
921 2047 1018 2084 pars
1036 2032 1220 2084 pectoris
1238 2036 1373 2084 patet.

113 2099 388 2153 Quamquam
417 2115 565 2142 severa
593 2100 675 2141 illic
704 2099 992 2148 matrimonia,
1024 2113 1099 2140 nec
1128 2098 1260 2140 ullam
1288 2112 1456 2140 morum
1473 2109 1527 2142 18

57 2171 226 2218 partem
261 2167 397 2218 magis
431 2167 686 2208 laudaveris
748 2167 863 2207 Nam
899 2179 1030 2217 prope
1064 2165 1141 2206 soli
1176 2165 1459 2207 barbarorum

57 2232 234 2286 singulis
254 2233 458 2276 uxoribus
474 2232 667 2275 contenti
689 2237 803 2283 sunt,
827 2231 1015 2283 exceptis
1036 2231 1273 2274 admodum
1295 2231 1455 2284 paucis,
