1628 2515
187 78 214 121 8
672 87 903 123 CORNELII
933 92 1096 124 TACITI

123 201 173 232 14
242 192 353 232 Cum
392 197 570 233 ventum
608 193 650 232 111
688 192 835 241 aciem,
876 197 1001 243 turpe
1038 192 1219 244 principi
1256 192 1420 237 virtute
1455 195 1578 249 vinci,

185 262 309 309 turpe
338 259 562 299 comitatui
592 259 798 299 virtutem
828 259 1030 309 principis
1059 273 1143 299 non
1173 260 1429 312 adaequare.
1489 263 1582 305 Iam

185 338 284 365 vero
314 325 473 365 infame
503 325 544 364 in
575 339 746 365 omnem
776 325 913 365 vitam
944 339 992 365 ac
1023 326 1278 376 probrosum
1307 328 1582 378 superstitem

184 391 362 442 principi
399 405 475 432 suo
511 405 561 431 ex
597 391 685 432 acic
722 391 952 431 recessisse.
1015 391 1143 432 Illum
1179 392 1420 445 defendere,
1457 397 1580 448 tueri,

149 468 169 498 5
183 471 260 498 sua
281 472 452 508 quoque
474 458 604 499 fortia
626 459 742 498 facta
764 459 921 508 gloriae
943 459 1033 499 eius
1055 459 1281 510 adsignare
1303 461 1582 513 praecipuum

182 528 499 564 sacramentum
516 529 592 565 est.
655 525 871 575 Principes
888 539 964 576 pro
979 525 1162 566 victoria
1177 531 1387 578 pugnant,
1405 528 1582 571 comites

182 603 258 640 pro
281 590 483 641 principe.
544 591 586 631 Si
609 591 775 641 civitas,
807 591 849 631 in
880 606 968 643 qua
994 592 1077 633 orti
1106 597 1221 643 sunt,
1250 592 1379 645 longa
1405 608 1510 646 pace
1536 601 1581 638 et

181 656 269 696 otio
315 661 498 707 torpeat,
548 658 736 708 plerique
782 659 991 700 nobilium
1037 660 1379 702 adulescentium
1424 667 1581 714 petunt

180 722 293 763 ultro
317 738 388 763 eas
414 724 621 774 nationes,
648 739 758 775 quae
784 731 877 766 tum
903 726 1062 766 bellum
1087 727 1262 778 aliquod
1286 733 1453 780 gerunt,
1479 731 1582 782 quia

127 798 165 827 10
179 793 221 828 et
246 789 414 839 ingrata
437 790 553 840 genti
577 790 697 841 quies
720 796 763 832 et
787 792 953 833 facilius
976 793 1088 834 inter
1111 794 1319 845 ancipitia
1341 795 1579 838 clarescunt

178 869 468 906 magnumque
495 857 751 898 comitatum
777 872 862 899 non
888 859 967 899 nisi
994 860 1036 900 vi
1062 860 1259 912 belloque
1285 865 1432 903 tueare
1447 877 1456 914 ;
1496 864 1580 905 exi—

177 926 284 971 gunt
332 922 444 962 enim
493 923 695 975 principis
742 925 806 965 sui
853 925 1112 968 liberalitate
1159 927 1280 969 illum
1327 928 1578 972 bellatorem

177 1001 349 1038 equum,
388 988 504 1029 illam
553 995 777 1031 cruentam
821 992 1130 1045 victricemque
1178 994 1401 1037 frameam.
1461 997 1578 1038 Nam

177 1053 327 1103 epulae
349 1059 392 1095 et
414 1069 679 1107 quamquam
702 1057 923 1110 incompti,
948 1059 1052 1110 largi
1075 1065 1222 1102 tamen
1244 1067 1480 1113 apparatus
1500 1077 1578 1115 pro

123 1131 162 1160 15
177 1119 390 1170 stipendio
435 1122 606 1163 cedunt.
668 1124 858 1166 Materia
901 1126 1222 1168 munificentiae
1264 1142 1339 1179 per
1381 1129 1492 1171 bella
1533 1135 1578 1172 et

176 1191 337 1237 raptus.
399 1188 489 1229 Nec
529 1203 648 1230 arare
687 1195 845 1232 terram
884 1197 961 1233 aut
1000 1198 1246 1245 exspectare
1284 1209 1447 1237 annum
1484 1201 1576 1238 tam

175 1252 298 1293 facile
324 1255 580 1304 persuaseris
607 1270 737 1307 quam
764 1272 918 1299 vocare
944 1259 1113 1301 hostem
1138 1265 1182 1302 et
1207 1261 1386 1304 vulnera
1410 1263 1573 1305 mereri.

176 1318 349 1369 Pigrum
386 1321 489 1371 quin
532 1322 664 1363 immo
701 1328 744 1364 et
794 1324 905 1365 iners
942 1325 1115 1367 videtur
1161 1328 1316 1370 sudore
1351 1329 1576 1381 adquirere

175 1385 290 1435 quod
321 1387 455 1436 possis
484 1388 690 1439 sanguine
719 1404 883 1441 parare.

110 1459 164 1491 15
231 1451 438 1501 Quotiens
460 1454 571 1495 bella
595 1469 680 1496 non
705 1456 869 1507 ineunt,
893 1472 979 1499 non
1003 1460 1192 1502 multum
1212 1462 1456 1514 venatibus,
1478 1463 1574 1514 plus

175 1530 249 1567 per
278 1518 415 1559 otium
446 1521 704 1573 transigunt,
737 1524 872 1565 dediti
908 1539 1058 1567 somno
1090 1527 1283 1579 ciboque,
1315 1529 1573 1572 fortissimus

174 1583 353 1634 quisque
388 1600 436 1626 ac
471 1587 816 1632 bellicosissimus
860 1591 964 1632 nihil
999 1607 1141 1644 agens,
1178 1595 1376 1646 delegata
1419 1596 1573 1638 domus

173 1654 215 1690 et
249 1651 470 1700 penatium
503 1658 545 1694 et
578 1669 777 1705 agrorum
811 1672 912 1699 cura
944 1659 1113 1701 feminis
1145 1662 1404 1714 senibusque
1435 1667 1478 1704 et
1509 1663 1572 1704 in-

138 1726 159 1756 5
173 1716 413 1758 firmissimo
436 1719 588 1771 cuique
609 1735 659 1762 ex
680 1722 868 1776 familia3
898 1724 978 1776 ipsi
1000 1726 1173 1778 hebent,
1192 1728 1300 1770 mira
1320 1729 1572 1772 diversitate

172 1786 365 1833 naturae,
391 1798 488 1825 cum
510 1785 624 1827 idem
647 1788 840 1831 homines
863 1791 921 1832 sic
945 1798 1091 1834 ament
1114 1794 1315 1836 inertiam
1337 1800 1380 1837 et
1402 1796 1571 1838 oderint

172 1849 374 1899 quietem.
443 1853 544 1893 Mos
576 1859 640 1895 est
671 1855 923 1898 civitatibus
954 1859 1068 1900 ultro
1099 1875 1148 1902 ac
1177 1862 1340 1903 viritim
1381 1863 1570 1904 conferre

172 1914 434 1967 principibus
458 1919 525 1959 vel
549 1926 843 1963 armentorum
867 1925 934 1965 vel
959 1925 1154 1977 frugum,'
1170 1929 1286 1979 quod
1310 1943 1387 1980 pro
1410 1929 1570 1971 honore

171 1986 396 2032 acceptum
425 1985 556 2026 etiam
584 1989 912 2031 necessitatibus
940 1992 1155 2034 subvenit.
1217 1994 1422 2036 Gaudent
1449 2010 1568 2047 prae-

118 2055 158 2084 10
172 2047 293 2098 cipue
337 2050 618 2093 finitimarum
661 2055 855 2105 gentium
902 2057 1037 2109 donis,
1079 2073 1190 2111 quae
1236 2075 1322 2103 non
1368 2063 1497 2104 modo
1543 2077 1569 2104 a

170 2113 357 2165 singulis,
399 2118 471 2158 scd
513 2123 555 2159 et
596 2121 764 2170 publice
803 2122 1053 2175 mittuntur,
1095 2126 1219 2168 electi
1258 2127 1370 2179 equi,
1410 2143 1568 2180 magna

171 2194 302 2230 arma,
343 2182 541 2232 phalerae
579 2190 863 2239 torquesque;
911 2189 997 2231 iam
1035 2196 1079 2233 et
1116 2194 1344 2244 pecuniam
1377 2195 1567 2247 accipere

171 2246 405 2289 docuimus.
