1627 2525
662 88 922 120 GERMANIA
1462 78 1488 122 7

143 196 262 238 Licet
302 197 418 248 apud
461 197 685 237 concilium
727 213 925 239 accusare
965 214 1137 251 quoque
1176 204 1219 241 et
1260 200 1484 241 discrimen
1503 208 1554 238 12

87 263 242 315 capitis
265 263 499 304 intendere.
562 264 796 304 Distinctio
823 279 1055 315 ptwuarum
1081 281 1130 307 ex
1155 266 1324 307 delicto.
1388 268 1487 307 Pro-

86 329 248 371 ditores
283 334 327 370 et
363 330 609 379 transfugas
646 331 869 372 arboribus
906 333 1189 382 suspendunt,
1229 332 1407 382 ignavos
1443 339 1481 373 et

86 395 278 437 imbelles
306 400 350 437 et
381 409 556 446 corpore
586 396 766 437 infames
797 412 927 438 caeno
958 414 1006 439 ac
1038 399 1206 449 palude,
1239 399 1395 440 iniecta
1426 400 1486 440 in-

85 475 214 514 super
242 466 371 512 crate,
402 468 615 513 mergunt.
678 463 917 504 Diversitas
946 464 1141 515 supplicii
1173 465 1270 506 illue
1301 466 1519 516 respit-its

85 532 313 580 tamquam
331 528 489 570 scelera
507 529 675 569 ostendi
695 536 906 580 oporteat,
928 531 1030 571 (lum
1052 531 1303 582 puniuntur,
1325 532 1486 582 flagitia

85 595 305 636 abscondi.
365 595 447 636 Sed
483 600 525 636 et
567 595 796 636 levioribus
832 597 997 637 delictis
1039 611 1114 648 pro
1155 598 1283 638 modo
1324 612 1485 649 poena:

84 674 295 712 equorum
324 675 613 712 pecorumque
644 676 820 703 numero
851 664 1035 704 convicti
1067 664 1321 705 multantur.
1383 665 1485 705 Pars

84 727 248 769 multae
286 727 372 779 regi
410 727 478 769 vel
517 727 698 777 civitati,
740 743 837 779 pars
876 730 967 780 ipsi,
1008 730 1081 781 qui
1120 730 1377 779 vindicatur,
1418 731 1484 771 vel

85 794 337 846 propinquis
367 794 457 836 eius
487 795 733 836 exsolvitur.
796 796 1024 845 Eliguutur
1054 796 1096 836 in
1132 796 1267 837 isdem
1299 797 1485 837 conciliis
1502 786 1560 836 10-

84 864 128 902 et
148 860 373 912 principes,
395 861 469 912 qui
488 860 582 902 iura
602 875 676 912 per
695 876 827 912 pagos
847 862 1049 913 vicosque
1069 863 1255 903 reddunt
1273 877 1280 912 ;
1317 863 1484 903 centeni

83 926 260 978 singulis
294 941 345 969 ex
380 927 504 979 plebe
539 927 717 969 comites
753 928 975 969 consilium
1010 929 1135 969 simul
1171 934 1213 969 et
1250 929 1485 970 auctoritas

84 993 258 1035 adsunt.

139 1060 182 1101 Ν
184 1059 259 1101 ihll
273 1065 420 1102 autem
434 1074 573 1112 neque
588 1060 784 1112 publicae
799 1074 935 1112 neque
951 1061 1146 1112 privatae
1161 1061 1218 1102 rei
1234 1061 1312 1102 nisi
1327 1062 1482 1102 armati
1500 1070 1552 1102 13

83 1131 232 1178 agunt.
293 1127 376 1168 Sed
397 1141 519 1168 arma
538 1142 705 1168 sumere
731 1142 814 1168 non
836 1133 938 1168 ante
960 1128 1161 1178 cuiquam
1187 1127 1328 1177 moris,
1352 1142 1483 1178 quam

84 1192 238 1235 civitas
263 1193 546 1235 suffecturum
572 1194 832 1245 probaverit.
892 1195 1005 1235 Tum
1031 1194 1073 1234 in
1099 1194 1190 1245 ipso
1219 1194 1395 1235 concilio
1417 1194 1483 1234 vel

83 1259 326 1312 principum
347 1261 503 1312 aliquis
523 1261 591 1301 vel
613 1266 736 1312 pater
756 1261 823 1301 vel
846 1260 1073 1311 propinqui
1092 1265 1214 1301 scuto
1236 1260 1484 1311 frameaque

82 1326 283 1368 iuvenem
300 1332 458 1369 ornant
475 1341 482 1368 :
515 1327 620 1368 haec
638 1327 753 1378 apud
773 1327 864 1367 illos
882 1332 996 1377 toga,
1016 1326 1082 1366 hie
1102 1326 1263 1377 primus
1281 1326 1484 1367 iuventae
1498 1337 1517 1365 5

83 1392 243 1444 honos;
283 1398 386 1436 ante
411 1394 491 1435 hoc
517 1394 671 1435 domus
698 1408 795 1444 pars
822 1393 1036 1441 videntur,
1064 1407 1163 1433 mox
1188 1392 1246 1433 rei
1273 1392 1481 1443 publicae.

84 1459 268 1512 Insignis
309 1460 512 1502 nobilitas
554 1465 631 1501 aut
672 1474 830 1511 magna
871 1464 1043 1510 patrum
1086 1458 1240 1499 merita
1281 1458 1483 1509 principis

83 1526 378 1578 dignationem
433 1527 566 1568 etiam
621 1525 952 1568 adulescentulis
1007 1525 1261 1575 adsignant:
1333 1525 1483 1566 ceteris

82 1593 396 1635 robustioribus
431 1608 480 1635 ac
516 1593 602 1635 iam
639 1593 802 1644 pridem
840 1591 1031 1643 probatis
1067 1591 1368 1641 adgregantur,
1406 1605 1482 1632 nec

82 1659 213 1701 rubor
228 1659 340 1702 inter
357 1660 535 1702 comites
552 1660 728 1711 adspici.
788 1659 959 1699 Gradus
977 1658 1079 1708 quin
1098 1658 1229 1698 etiam
1247 1657 1336 1708 ipse
1354 1657 1483 1698 comi·
1499 1663 1538 1694 10

82 1730 203 1767 tatus
232 1726 378 1777 habet,
410 1726 567 1768 iudicio
597 1726 687 1767 eius
717 1740 844 1777 quem
876 1729 1120 1773 sectantur;
1166 1737 1408 1774 magnaque
1438 1728 1481 1764 et

82 1792 291 1834 comitum
314 1793 562 1843 aemulatio,
588 1793 745 1844 quibus
769 1792 931 1843 primus
955 1791 1070 1841 apud
1096 1789 1331 1840 principem
1355 1803 1481 1830 suum

81 1858 212 1910 locus,
230 1863 275 1901 et
291 1859 547 1911 principum,
567 1859 633 1900 cui
652 1858 822 1910 plurimi
840 1862 880 1898 et
900 1856 1092 1898 acerrimi
1111 1855 1300 1897 comites.
1362 1856 1480 1896 Haec

81 1925 282 1976 dignitas.
310 1926 391 1968 hae
417 1926 541 1976 vires,
571 1940 727 1976 magno
754 1938 920 1975 semper
945 1928 987 1965 et
1015 1923 1248 1964 electorum
1274 1922 1480 1964 iuvenum

81 1991 208 2043 globo
227 1992 495 2042 circumdari,
516 1992 558 2032 in
578 2006 682 2043 paee
701 1992 842 2039 decus,
864 1991 905 2030 in
926 1990 1035 2030 bello
1055 1988 1328 2040 praesidium.
1388 1989 1479 2029 Nec
1497 1992 1535 2022 15

80 2057 220 2099 solum
240 2058 284 2099 in
305 2072 383 2100 sua
403 2063 530 2109 gente
552 2058 717 2109 cuique,
736 2058 808 2097 sed
831 2057 945 2107 apud
968 2055 1174 2096 finitimas
1190 2068 1362 2106 quoque
1379 2054 1481 2095 civi-

81 2128 196 2166 tates
219 2124 262 2166 id
284 2139 454 2174 nomen,
473 2139 523 2166 ea
543 2124 676 2173 gloria
697 2129 774 2173 cst,
793 2123 826 2163 si
850 2136 1026 2163 numero
1047 2136 1095 2162 ac
1118 2121 1281 2162 virtute
1302 2121 1481 2162 comita-

81 2194 153 2231 tus
176 2190 389 2241 emineat;
426 2195 689 2242 expetuntur
713 2190 825 2230 enim
852 2188 1137 2239 legationibus
1161 2193 1205 2229 et
1230 2187 1480 2230 muneribus

80 2261 291 2298 ornantur
311 2261 355 2298 et
376 2257 469 2309 ipsa
491 2257 742 2308 plerumque
763 2256 880 2296 fama
901 2255 1012 2296 bella
1033 2255 1275 2306 profligant.
