1638 2515
96 50 154 92 22
582 59 815 91 CORNELII
848 58 1013 89 TACITI

99 173 381 222 Helvenonas,
433 172 666 220 Mannnos,
718 170 915 219 HelisiOS,
967 168 1311 210 Nahanarvalos.
1371 169 1501 221 Apud

99 240 430 281 Nahanarvalos
456 238 662 288 antiquae
687 236 899 287 religionis
924 236 1044 276 lucus
1069 235 1325 276 ostenditur.
1376 236 1503 277 Prae—

47 321 85 350 15
99 307 210 348 sidet
242 306 439 347 sacerdos
471 304 667 345 muliebri
700 308 870 353 ornatu,
904 303 977 343 sed
1011 303 1113 343 deos
1145 302 1503 353 interpretatione

101 374 300 414 Romana
356 368 584 413 Castorem
641 370 943 420 Pollucemque
1000 374 1256 410 memorant.
1318 370 1382 410 Ea
1438 369 1503 411 vis

101 440 279 489 numini,
321 453 477 479 nomen
524 437 650 478 Alcis.
712 436 844 477 Nulla
891 436 1131 486 simulacra,
1173 436 1339 477 nullum
1387 450 1504 488 pere-

101 507 246 557 grinae
287 504 605 556 superstitionis
648 503 902 553 vestigium;
961 507 1010 543 ut
1053 503 1207 543 fratres
1249 508 1410 553 tamen,
1455 508 1504 544 ut

101 573 277 614 iuvenes
310 576 584 613 Venerantur.
647 570 851 611 Ceterum
880 569 1002 610 Harii
1033 583 1160 620 super
1190 569 1314 619 vires,
1348 570 1505 621 quibus

47 644 376 681 20enu1neratos
415 639 544 690 paulo
584 642 685 679 ante
725 637 905 689 populos
945 637 1222 686 antecedunt,
1264 641 1405 677 truces
1444 636 1506 676 in-

103 707 210 748 sitae
239 706 402 746 feritati
431 709 524 746 arte
552 719 601 746 ac
631 709 824 755 tempore
852 703 1175 744 lenocinantur:
1220 703 1340 753 nigra
1368 707 1504 751 scuta,

104 774 243 814 tincta
277 786 478 824 corpora;
529 776 646 813 atras
681 772 735 812 ad
771 771 931 822 proelia
966 775 1113 810 noctes
1146 770 1294 820 legunt
1329 769 1508 820 ipsaque

103 839 331 880 formidine
375 843 507 889 atque
552 838 707 878 umbra
749 837 892 877 feralis
938 836 1148 877 exercitus
1194 840 1400 876 terrorem
1446 835 1509 875 in-

104 907 261 955 ferunt,
296 905 413 946 nullo
448 905 639 946 hostium
674 904 914 944 sustinente
949 917 1112 943 novum
1147 916 1196 943 ac
1227 902 1349 943 velut
1382 902 1510 942 infer-

49 982 92 1012 25
105 987 210 1013 num
249 973 529 1023 adspectum;
573 985 676 1012 nam
711 970 838 1021 primi
876 969 919 1009 in
955 969 1156 1010 omnibus
1190 968 1360 1020 proeliis
1399 968 1510 1009 oculi

105 1039 351 1080 vincuntur.

160 1107 299 1147 Trans
328 1105 483 1156 Lygios
511 1105 705 1145 Gotones
733 1107 981 1154 regnantur,
1011 1102 1140 1153 paulo
1166 1102 1254 1143 iam
1280 1101 1512 1143 adductius

106 1187 238 1224 quam
265 1177 430 1213 ceterae
457 1172 773 1213 Germanorum
800 1174 961 1221 gentes,
990 1169 1183 1210 nondum
1209 1172 1357 1209 tamen
1383 1182 1513 1219 supra

106 1239 365 1280 libertatem.
427 1238 630 1278 Protinus
648 1237 802 1278 deinde
821 1237 875 1277 ab
895 1237 1066 1277 Oceano
1086 1235 1215 1286 Rugii
1232 1239 1276 1275 et
1294 1234 1488 1276 Lemovii
1504 1248 1512 1285 ;

50 1318 94 1348 30
107 1306 386 1356 omniumque
409 1305 563 1345 harum
586 1304 780 1355 gentium
803 1303 967 1353 insigne
990 1302 1179 1343 rotunda
1201 1305 1337 1352 scuta,
1361 1301 1513 1342 breves

107 1372 237 1423 gladii
259 1376 302 1412 et
324 1386 424 1422 erga
445 1386 562 1422 reges
585 1370 853 1421 obsequium.

40 1446 97 1476 44
165 1439 374 1480 Suionum
409 1438 507 1478 111110
545 1437 744 1478 civitates
779 1436 872 1487 ipso
908 1436 950 1475 in
987 1436 1159 1476 Oceano
1195 1438 1365 1486 praeter
1398 1433 1514 1475 viros

109 1520 315 1557 armaque
361 1505 567 1546 classibus
611 1504 772 1545 valent.
834 1504 992 1543 Forma
1036 1501 1214 1542 navium
1259 1515 1309 1542 eo
1354 1500 1512 1550 differt,

109 1572 225 1623 quod
256 1571 475 1623 utrimque
507 1585 634 1622 prora
665 1574 865 1621 paratam
897 1583 1064 1619 semper
1095 1567 1295 1618 adpulsui
1326 1567 1514 1608 frontem

109 1639 212 1690 agit.
272 1640 363 1679 Nec
385 1638 490 1679 velis
511 1638 814 1678 ministrantur
835 1650 911 1677 nec
933 1649 1072 1676 remos
1093 1634 1135 1674 in
1157 1634 1351 1675 ordinem
1372 1633 1516 1674 lateri-

76 1706 190 1747 5bus
229 1705 496 1756 adiungunt:
544 1704 749 1753 solutum,
790 1707 840 1743 ut
883 1702 926 1742 in
967 1701 1229 1753 quibusdam
1270 1700 1513 1750 fluminum,

110 1777 154 1813 et
179 1772 401 1822 mutabile,
429 1776 479 1812 ut
505 1785 570 1811 res
596 1770 748 1822 poscit,
776 1769 874 1809 hinc
901 1768 969 1809 vel
995 1768 1109 1808 illinc
1136 1767 1375 1818 remigium.
1436 1767 1515 1807 Est

111 1839 227 1890 apud
257 1839 350 1879 illos
379 1843 423 1879 et
452 1838 607 1888 opibus
636 1837 785 1886 honos,
817 1849 953 1886 eoque
982 1849 1093 1875 unus
1122 1833 1358 1885 imperitat,
1389 1832 1517 1874 nullis

111 1906 197 1946 iam
220 1905 555 1956 exceptionibus,
581 1918 667 1945 non
690 1903 880 1954 precario
903 1902 992 1943 iure
1015 1900 1206 1953 parendi:
1266 1901 1359 1941 Nec
1381 1914 1514 1950 arma,

112 1977 162 2013 ut
187 1972 302 2023 apud
328 1976 491 2012 ceteros
517 1971 769 2020 Germanos,
796 1969 840 2010 in
872 1968 1131 2020 promiscuo,
1159 1967 1233 2008 sed
1266 1966 1413 2008 clausa
1436 1966 1517 2007 sub

62 2051 100 2080 10
114 2039 304 2088 custode,
335 2043 378 2079 et
408 2038 583 2089 quidem
611 2051 747 2087 servo,
779 2036 881 2087 quia
909 2035 1075 2076 subitos
1104 2033 1295 2075 hostium
1323 2033 1518 2074 incursus

115 2105 314 2156 prohibet
341 2106 549 2154 Oceanus,
578 2104 742 2145 otiosae
768 2117 894 2154 porro
921 2106 1189 2143 armatorum
1214 2114 1369 2141 manus
1394 2098 1518 2140 facile

114 2171 357 2212 lasciviunt.
420 2171 652 2211 Enimvero
690 2184 829 2221 neque
867 2168 1055 2209 nobilem
1093 2181 1232 2218 neque
1268 2166 1516 2217 ingenuum,

116 2252 168 2278 ne
192 2237 441 2278 libertinum
467 2237 641 2288 quidem
667 2236 796 2277 armis
822 2248 1083 2286 praeponere
1107 2233 1223 2284 regia
1247 2232 1414 2273 utilitas
1439 2235 1517 2273 est.
