1637 2525
671 109 931 141 GERMANIA
1444 99 1497 143 15

102 219 356 272 Vangiones,
391 219 575 269 Triboci,
612 220 827 261 Nemetes.
890 222 955 262 Nc
991 222 1087 263 Ubii
1127 221 1314 273 quidem,
1349 235 1498 274 quam-

101 300 234 339 quam
260 286 459 327 Romana
485 286 647 327 colonia
674 301 762 327 esse
789 288 1015 328 meruerint
1044 302 1092 329 ae
1120 288 1319 329 libentius
1350 289 1498 340 Agrip-
1511 302 1554 331 20

102 353 299 405 pinenses
330 353 563 394 conditoris
593 353 657 393 sui
694 354 865 393 nomine
906 360 1124 404 vocentur,
1158 355 1317 405 origine
1351 355 1498 396 erube-

101 424 241 470 scunt,
276 419 527 470 transgressi
561 419 661 459 olim
687 426 726 460 et
755 421 1045 470 experimento
1071 422 1169 462 fidei
1201 435 1327 473 super
1360 421 1496 472 ipsam

103 485 244 528 Rheni
261 485 399 537 ripam
419 486 642 535 conlocati,
663 494 708 526 ut
730 494 935 537 arcerent,
956 502 1040 528 non
1060 493 1107 528 ut
1127 488 1455 529 custodirentur.

158 552 363 594 Omnium
391 552 544 593 harum
572 553 763 603 gentium
793 554 953 594 virtute
982 554 1196 605 praecipui
1226 554 1383 594 Batavi
1412 568 1494 594 non
1510 566 1564 596 29

102 619 290 660 multum
317 633 368 660 ex
395 619 500 670 ripa,
530 620 603 660 sed
632 620 813 660 insulam
844 621 982 660 Rheni
1010 621 1147 661 amnis
1175 620 1333 669 colunt,
1364 620 1498 661 Chat-

103 690 248 728 torum
279 686 501 737 quondam
534 686 717 737 populus
749 693 789 727 et
828 687 1035 727 seditione
1075 687 1311 727 domestica
1350 686 1392 727 in
1427 700 1498 727 eas

102 753 224 794 sedes
244 757 546 804 transgressus,
570 753 612 793 in
640 753 796 804 quibus
819 768 916 804 pars
939 755 1123 795 Romani
1145 754 1309 805 imperii
1334 754 1496 794 fierent.
1552 783 1557 785 -

103 820 260 861 Manet
297 819 432 860 honos
468 824 511 860 et
549 820 755 870 antiquae
792 820 1009 861 societatis
1047 821 1233 871 insigne;
1286 834 1387 861 nam
1424 830 1534 860 nee5

103 885 279 927 tributis
314 890 653 927 contemnuntur
689 900 764 927 nee
801 887 1054 937 publicanus
1089 887 1262 937 atterit;
1313 885 1499 936 exempti

103 952 304 994 oneribus
327 957 371 994 et
397 952 712 993 conlationibus
737 959 780 993 ct
811 958 983 994 tantum
1015 953 1056 993 in
1089 967 1213 994 usum
1245 952 1499 1004 proeliorum

103 1018 292 1070 sepositi,
320 1018 441 1060 velut
481 1018 569 1060 tela
610 1024 742 1070 atque
769 1033 901 1069 arma,
931 1019 1050 1060 bellis
1078 1024 1360 1060 reservantur.
1422 1018 1500 1058 Est

104 1084 149 1126 in
175 1085 326 1126 eodem
359 1085 566 1136 obsequio
592 1091 635 1126 et
661 1086 975 1126 Mattiacorum
1008 1100 1133 1136 gens;
1176 1085 1355 1136 protulit
1387 1083 1499 1125 enim

103 1151 358 1203 magnitudo
380 1152 527 1203 populi
551 1152 735 1193 Romani
758 1153 870 1193 ultra
893 1153 1093 1193 Rhenum
1116 1152 1315 1202 ultraque
1336 1155 1501 1191 veteres
1517 1160 1557 1190 10

104 1218 310 1260 terminos
349 1208 515 1270 imperii
556 1219 852 1259 reverentiam.
916 1219 985 1259 Ita
1029 1218 1127 1259 sede
1171 1217 1413 1267 finibusque
1456 1215 1499 1256 in

103 1298 183 1326 sua
205 1285 311 1337 ripa,
336 1290 481 1326 mente
505 1286 734 1336 animoque
760 1285 981 1325 nobiscum
1006 1290 1152 1335 agunt,
1180 1289 1322 1325 cetera
1344 1282 1501 1323 similes

104 1351 299 1403 Batavis,
332 1352 413 1393 nisi
445 1352 561 1404 quod
593 1353 685 1404 ipso
717 1352 857 1393 adhue
889 1356 1026 1392 terrae
1057 1364 1158 1391 suae
1189 1349 1279 1391 solo
1310 1354 1354 1390 et
1385 1348 1501 1390 caelo

103 1418 244 1460 acrius
257 1418 519 1460 animantur.

160 1485 261 1526 Non
276 1485 594 1527 numeraverim
614 1485 726 1526 inter
747 1484 1003 1525 Germaniae
1021 1483 1214 1534 populos,
1233 1495 1502 1533 quamquam
1519 1492 1559 1523 15

104 1555 226 1593 trans
264 1551 467 1593 Rhenum
508 1552 846 1602 Danuviumque
886 1549 1167 1598 consederint,
1208 1562 1279 1589 eos
1319 1548 1392 1599 qui
1431 1548 1504 1589 de-

105 1622 299 1660 eumates
319 1632 443 1670 agros
463 1623 673 1660 exercent.
735 1617 993 1658 Levissimus
1014 1616 1194 1667 quisque.
1215 1614 1439 1656 Gallorum
1459 1618 1503 1655 et

104 1683 251 1736 inopia
271 1686 414 1727 audax
433 1685 591 1726 dubiae
626 1684 900 1736 possessionis
922 1683 1059 1723 solum
1081 1695 1369 1732 occupavere;
1404 1694 1504 1722 mox

104 1751 241 1793 limite
275 1757 374 1793 acto
410 1752 706 1803 promotisque
728 1750 947 1802 praesidiis
977 1749 1095 1790 sinus
1124 1747 1291 1799 imperii
1325 1752 1370 1788 et
1405 1761 1504 1799 pars

105 1818 351 1870 provinciae
370 1819 599 1860 habentur.
1517 1825 1560 1855 20

160 1885 287 1926 Ultra
311 1885 389 1927 hos
415 1886 567 1927 Chatti
594 1885 765 1925 initium
791 1883 901 1925 sedis
926 1883 981 1924 ab
1008 1881 1224 1932 Hercynio
1249 1880 1363 1922 saltu
1387 1879 1503 1921 inco—
1514 1891 1571 1923 30

104 1951 226 2003 hant,
254 1966 341 1993 non
367 1952 430 1993 ita
455 1952 600 1993 effusis
627 1965 675 1992 ae
703 1950 965 2001 palustribus
991 1948 1105 1998 locis,
1134 1952 1184 1988 ut
1210 1952 1376 1988 ceterae
1402 1946 1504 1988 civi-

104 2021 232 2069 tates,
282 2019 326 2059 in
375 2033 482 2070 quas
531 2017 764 2059 Germania
813 2015 1020 2067 patescim
1085 2014 1244 2055 durant
1292 2013 1505 2065 siquidem

105 2084 244 2135 colles,
262 2085 473 2136 paulatim
489 2089 722 2133 rarescunt,
739 2089 782 2124 et
798 2083 984 2123 Chattos
998 2095 1097 2122 suos
1111 2080 1248 2121 saltus
1263 2079 1506 2131 Hercynius

105 2151 380 2203 prosequitur
403 2151 528 2193 simul
553 2156 684 2201 atque
709 2149 899 2200 deponit.
962 2147 1148 2188 Duriora
1170 2146 1288 2197 genti
1312 2159 1502 2197 corpora,
1517 2157 1538 2187 5

104 2217 243 2259 stricti
261 2222 393 2266 artus,
413 2217 557 2258 minax
575 2216 721 2257 vultus
738 2221 779 2256 et
799 2214 934 2255 maior
950 2213 1081 2255 animi
1099 2213 1233 2263 vigor.
1293 2211 1503 2262 Multum,

104 2287 155 2326 ut
196 2283 308 2326 inter
349 2284 600 2330 Germanos,
645 2281 822 2323 rationis
863 2295 911 2322 ae
953 2279 1189 2321 sollertiae:
1246 2291 1506 2330 praeponere
