1627 2525
667 90 928 123 GERMANIA
1437 82 1484 124 ll

93 204 205 247 tium
232 202 430 252 habetur,
460 201 640 253 plusque
669 202 725 242 ibi
755 203 853 243 boni
884 218 1020 245 mores
1051 204 1196 245 valent
1227 219 1358 256 quam
1389 206 1488 246 alibi

94 271 232 312 bonae
253 269 378 320 leges.

150 337 201 378 In
233 334 351 377 omni
383 334 513 375 domo
546 335 650 375 nudi
683 349 732 376 ac
765 336 923 377 sordidi
957 337 998 377 in
1033 337 1109 378 hos
1142 343 1274 387 artus,
1310 338 1351 378 in
1385 338 1557 380 haec20

94 417 286 456 corpora,
310 417 421 455 quae
444 403 662 452 miramur,
687 410 947 444 excrescunt.
1008 406 1093 446 Sua
1117 419 1330 456 quemque
1353 411 1491 446 mater

93 470 298 512 uberibus
313 470 404 519 alit,
423 484 499 511 nec
517 470 680 510 ancillis
697 485 745 511 ac
764 471 1001 512 nutricibus
1018 472 1281 522 delegantur.
1344 472 1491 512 Domi-

77 551 200 579 .num
244 550 294 578 ac
339 551 511 578 servum
557 536 683 577 nullis
729 538 994 578 educationis
1040 538 1199 578 deliciis
1244 538 1491 587 dignoscas:

94 604 207 645 inter
231 603 382 645 eadem
409 617 576 654 pecora,
605 603 647 643 in
674 604 823 644 cadem
851 604 982 644 humo
1008 605 1183 654 degunt,
1212 605 1345 645 donoc
1373 612 1525 646 aetas5

94 675 265 722 separet
323 670 543 721 ingenuos,
606 670 743 711 virtus
804 671 1051 721 adgnoscat.
1122 672 1223 713 Sera
1288 672 1491 713 iuvenum

94 750 244 787 venus,
265 750 401 788 eoque
420 737 675 778 inexhausta
696 738 912 788 pubertas.
973 739 1063 779 Nec
1085 738 1268 789 virgines
1288 739 1493 779 festinan·
1551 780 1555 783 γ

95 808 190 854 tur;
230 803 381 845 eadem
405 803 597 853 iuventa,
624 803 771 845 similis
797 805 1051 855 proceritas:
1093 819 1214 856 pares
1239 805 1493 855 validaeque

94 870 342 920 miscentur,
371 884 420 911 ac
446 871 601 911 robora
628 876 855 921 parentum
883 871 1001 912 liberi
1029 871 1230 912 referunt.
1291 872 1492 912 Sororum

95 937 192 978 filiis
207 937 322 978 idem
338 937 454 988 apud
472 937 735 978 avunculum
753 937 824 988 qui
843 938 896 978 ad
915 943 1080 988 patrem
1099 938 1246 978 honor.
1307 937 1492 988 Quidam
1509 943 1548 974 10

95 1003 354 1050 sanctiorem
374 1003 662 1054 artioremque
682 1004 794 1044 hunc
816 1018 971 1045 nexum
991 1004 1207 1055 sanguinis
1227 1004 1494 1044 arbitrantur

95 1075 140 1112 et
173 1070 217 1111 in
251 1069 509 1122 accipiendis
543 1070 764 1111 obsidibus
799 1070 933 1121 magis
967 1071 1154 1121 exigunt,
1191 1075 1415 1121 tamquam
1450 1074 1493 1111 et

96 1137 290 1178 animum
340 1136 504 1178 firmius
554 1142 597 1178 et
648 1137 824 1177 domum
874 1137 1003 1178 latius
1055 1143 1243 1178 teneant.
1305 1136 1494 1177 Heredes

96 1202 252 1245 tamen'
274 1215 622 1254 successoresque
652 1203 716 1244 sui
748 1203 899 1254 cuique
929 1203 1061 1253 liberi,
1094 1208 1135 1244 et
1167 1203 1331 1244 nullum
1362 1207 1495 1244 testa-

96 1275 307 1312 mentum.
367 1270 411 1312 Si
436 1270 557 1311 liberi
583 1284 669 1310 non
695 1275 809 1319 sunt,
839 1269 1054 1321 proximus
1080 1270 1237 1320 gradus
1263 1269 1305 1309 in
1333 1283 1495 1320 posses·
1511 1276 1549 1306 15

97 1336 214 1378 sione
261 1337 428 1387 fratres,
478 1337 636 1388 patrui,
686 1336 899 1377 avunculi.
961 1336 1134 1386 Quanto
1182 1335 1276 1386 plus
1324 1335 1495 1386 propin-

97 1417 295 1455 quorum,
317 1408 484 1455 quanto
505 1403 640 1444 maior
661 1403 867 1444 adfinium
888 1416 1103 1451 numerus,
1126 1407 1250 1442 tanto
1271 1401 1496 1453 gratiosior

96 1474 318 1521 senectus;
357 1484 435 1511 nec
459 1469 546 1510 ulla
570 1469 769 1510 orbitatis
794 1469 943 1520 pretia.

152 1535 374 1588 Suscipere
419 1541 512 1577 tam
557 1536 802 1576 inimicitias
847 1549 920 1575 seu
966 1535 1100 1586 patris
1145 1548 1218 1575 seu
1265 1533 1493 1585 propinqui
1506 1540 1558 1571 21

97 1616 231 1655 quam
268 1602 481 1644 amicitias
519 1616 688 1643 necesse
726 1607 787 1643 est
805 1616 814 1652 ;
869 1615 943 1642 nec
983 1600 1273 1652 implacabiles
1311 1601 1495 1642 durant:

96 1668 231 1711 luitur
277 1669 391 1711 enim
438 1669 571 1710 etiam
618 1668 896 1709 homicidium
944 1674 1059 1708 certo
1106 1671 1399 1708 armentorum
1446 1680 1496 1707 ac

98 1749 301 1788 pecorum
315 1749 494 1777 numero
510 1735 746 1786 recipitque
761 1734 1098 1775 satisfactionem
1114 1733 1314 1774 universa
1327 1733 1494 1783 domus,

97 1802 262 1844 utiliter
292 1802 336 1843 in
367 1802 602 1853 publicum,
636 1801 737 1852 quia
769 1800 1086 1852 periculosiores
1116 1804 1217 1840 sunt
1249 1799 1530 1841 inimicitiae5

97 1868 219 1910 iuxta
240 1869 499 1910 libertatem.

154 1934 440 1977 Convictibus
463 1940 506 1976 et
531 1934 727 1985 hospitiis
752 1948 835 1974 non
860 1933 943 1974 alia
966 1946 1067 1983 gens
1090 1931 1266 1973 effusius
1288 1931 1496 1983 indulget.

98 2000 425 2052 Quemcumque
472 2001 721 2042 mortalium
770 2014 910 2041 arcere.
958 2004 1074 2039 tecto
1122 1998 1242 2039 nefas
1289 1998 1497 2048 habetur;

98 2081 176 2120 pro
208 2068 385 2110 fortuna
417 2069 599 2120 quisque
632 2067 852 2118 apparatis
885 2065 1019 2116 epulis
1051 2064 1221 2116 excipit.
1282 2064 1394 2105 Cum
1427 2065 1499 2105 de-

98 2134 248 2185 fecere,
286 2135 361 2187 qui
396 2135 526 2176 modo
563 2135 716 2185 hospes
753 2134 906 2179 fuerat.
945 2137 1209 2173 monstrator
1245 2131 1419 2182 hospitii
1455 2135 1554 2172 et10

100 2214 266 2252 comes;
324 2202 563 2253 proximam
606 2201 783 2241 domum
827 2213 910 2240 non
955 2198 1128 2239 invitati
1171 2198 1346 2239 adeunt.
1407 2197 1498 2237 Nec

98 2267 303 2310 interest:
341 2269 433 2320 pari
456 2267 729 2310 humanitate
752 2266 1034 2317 accipiuntur.
1095 2265 1262 2305 Notum
1285 2263 1500 2315 ignotum-
