<?xml version="1.0" encoding="UTF-8"?>
<!DOCTYPE html PUBLIC "-//W3C//DTD XHTML 1.0 Transitional//EN"
    "http://www.w3.org/TR/xhtml1/DTD/xhtml1-transitional.dtd">
<html xmlns="http://www.w3.org/1999/xhtml" xml:lang="en" lang="en">
 <head>
  <title>
</title>
<meta http-equiv="Content-Type" content="text/html;charset=utf-8" />
  <meta name='ocr-system' content='tesseract 3.04.00' />
  <meta name='ocr-capabilities' content='ocr_page ocr_carea ocr_par ocr_line ocrx_word'/>
</head>
<body>
  <div class='ocr_page' id='page_1' title='image "./germania00taciuoft_0037.png"; bbox 0 0 1627 2525; ppageno 0'>
   <div class='ocr_carea' id='block_1_1' title="bbox 643 95 1470 138">
    <p class='ocr_par' dir='ltr' id='par_1_1' title="bbox 643 95 1470 138">
     <span class='ocr_line' id='line_1_1' title="bbox 643 95 1470 138; baseline 0.004 -3"><span class='ocrx_word' id='word_1_1' title='bbox 643 104 905 136; x_wconf 57' lang='lat' dir='ltr'><strong>GERMANI».</strong></span> <span class='ocrx_word' id='word_1_2' title='bbox 1444 95 1470 138; x_wconf 91' lang='lat'>5</span> 
     </span>
    </p>
   </div>
   <div class='ocr_carea' id='block_1_2' title="bbox 61 214 1530 2327">
    <p class='ocr_par' dir='ltr' id='par_1_2' title="bbox 73 214 1524 333">
     <span class='ocr_line' id='line_1_2' title="bbox 73 214 1524 268; baseline -0.001 -11"><span class='ocrx_word' id='word_1_3' title='bbox 73 215 241 265; x_wconf 79' lang='lat' dir='ltr'>ferunt;</span> <span class='ocrx_word' id='word_1_4' title='bbox 293 228 370 255; x_wconf 91' lang='lat' dir='ltr'>nec</span> <span class='ocrx_word' id='word_1_5' title='bbox 407 214 502 255; x_wconf 87' lang='lat' dir='ltr'>illae</span> <span class='ocrx_word' id='word_1_6' title='bbox 540 229 762 255; x_wconf 60' lang='lat' dir='ltr'>numerari·</span> <span class='ocrx_word' id='word_1_7' title='bbox 799 223 872 256; x_wconf 77' lang='lat' dir='ltr'>ant</span> <span class='ocrx_word' id='word_1_8' title='bbox 912 217 1074 265; x_wconf 63' lang='lat' dir='ltr'>exigere</span> <span class='ocrx_word' id='word_1_9' title='bbox 1111 217 1257 268; x_wconf 83' lang='lat' dir='ltr'>plagas</span> <span class='ocrx_word' id='word_1_10' title='bbox 1295 225 1524 268; x_wconf 78' lang='lat' dir='ltr'>pavem‚15</span> 
     </span>
     <span class='ocr_line' id='line_1_3' title="bbox 73 281 1138 333; baseline 0 -10"><span class='ocrx_word' id='word_1_11' title='bbox 73 281 276 333; x_wconf 86' lang='lat' dir='ltr'>cibosque</span> <span class='ocrx_word' id='word_1_12' title='bbox 298 286 342 322; x_wconf 89' lang='lat' dir='ltr'>et</span> <span class='ocrx_word' id='word_1_13' title='bbox 367 281 612 322; x_wconf 81' lang='lat' dir='ltr'>hortamina</span> <span class='ocrx_word' id='word_1_14' title='bbox 638 283 930 332; x_wconf 67' lang='lat' dir='ltr'>pugnantibus</span> <span class='ocrx_word' id='word_1_15' title='bbox 954 290 1138 331; x_wconf 65' lang='lat' dir='ltr'>gestant.</span> 
     </span>
    </p>

    <p class='ocr_par' dir='ltr' id='par_1_3' title="bbox 67 347 1522 1120">
     <span class='ocr_line' id='line_1_4' title="bbox 128 347 1509 398; baseline 0.001 -9"><span class='ocrx_word' id='word_1_16' title='bbox 128 347 366 389; x_wconf 82' lang='lat' dir='ltr'>Memoriae</span> <span class='ocrx_word' id='word_1_17' title='bbox 406 347 602 398; x_wconf 81' lang='lat' dir='ltr'>proditur</span> <span class='ocrx_word' id='word_1_18' title='bbox 640 349 849 398; x_wconf 80' lang='lat' dir='ltr'>quasdam</span> <span class='ocrx_word' id='word_1_19' title='bbox 890 349 999 389; x_wconf 72' lang='lat' dir='ltr'>acies</span> <span class='ocrx_word' id='word_1_20' title='bbox 1039 350 1264 390; x_wconf 63' lang='lat' dir='ltr'>inclinatas</span> <span class='ocrx_word' id='word_1_21' title='bbox 1304 350 1387 390; x_wconf 77' lang='lat' dir='ltr'>iam</span> <span class='ocrx_word' id='word_1_22' title='bbox 1426 357 1509 391; x_wconf 62' lang='lat' dir='ltr'>ets</span> 
     </span>
     <span class='ocr_line' id='line_1_5' title="bbox 72 413 1468 465; baseline 0.001 -9"><span class='ocrx_word' id='word_1_23' title='bbox 72 414 269 456; x_wconf 83' lang='lat' dir='ltr'><strong>labantes</strong></span> <span class='ocrx_word' id='word_1_24' title='bbox 292 427 318 455; x_wconf 87' lang='lat' dir='ltr'>a</span> <span class='ocrx_word' id='word_1_25' title='bbox 334 413 504 454; x_wconf 88' lang='lat' dir='ltr'>feminis</span> <span class='ocrx_word' id='word_1_26' title='bbox 530 414 753 454; x_wconf 80' lang='lat' dir='ltr'>restitutas</span> <span class='ocrx_word' id='word_1_27' title='bbox 771 415 1015 455; x_wconf 75' lang='lat' dir='ltr'>constantia</span> <span class='ocrx_word' id='word_1_28' title='bbox 1042 429 1213 465; x_wconf 78' lang='lat' dir='ltr'>procum</span> <span class='ocrx_word' id='word_1_29' title='bbox 1239 422 1279 456; x_wconf 82' lang='lat' dir='ltr'>ct</span> <span class='ocrx_word' id='word_1_30' title='bbox 1298 416 1468 457; x_wconf 80' lang='lat' dir='ltr'>obiectu</span> 
     </span>
     <span class='ocr_line' id='line_1_6' title="bbox 72 481 1469 532; baseline 0 -10"><span class='ocrx_word' id='word_1_31' title='bbox 72 485 295 532; x_wconf 87' lang='lat' dir='ltr'><strong>pectorum</strong></span> <span class='ocrx_word' id='word_1_32' title='bbox 315 485 358 522; x_wconf 88' lang='lat' dir='ltr'>et</span> <span class='ocrx_word' id='word_1_33' title='bbox 378 486 623 520; x_wconf 87' lang='lat' dir='ltr'>monstrata</span> <span class='ocrx_word' id='word_1_34' title='bbox 644 481 882 521; x_wconf 70' lang='lat' dir='ltr'>conminus</span> <span class='ocrx_word' id='word_1_35' title='bbox 903 481 1172 531; x_wconf 69' lang='lat' dir='ltr'>captivitate,</span> <span class='ocrx_word' id='word_1_36' title='bbox 1195 496 1325 532; x_wconf 75' lang='lat' dir='ltr'>quain</span> <span class='ocrx_word' id='word_1_37' title='bbox 1348 482 1469 531; x_wconf 75' lang='lat' dir='ltr'>longe</span> 
     </span>
     <span class='ocr_line' id='line_1_7' title="bbox 70 546 1467 598; baseline 0.001 -10"><span class='ocrx_word' id='word_1_38' title='bbox 70 546 354 598; x_wconf 82' lang='lat' dir='ltr'>inpatientius</span> <span class='ocrx_word' id='word_1_39' title='bbox 383 546 642 587; x_wconf 86' lang='lat' dir='ltr'>feminarum</span> <span class='ocrx_word' id='word_1_40' title='bbox 673 560 846 587; x_wconf 84' lang='lat' dir='ltr'>suarum</span> <span class='ocrx_word' id='word_1_41' title='bbox 880 547 1050 587; x_wconf 84' lang='lat' dir='ltr'>nomine</span> <span class='ocrx_word' id='word_1_42' title='bbox 1082 548 1249 596; x_wconf 82' lang='lat' dir='ltr'>timent,</span> <span class='ocrx_word' id='word_1_43' title='bbox 1283 548 1389 588; x_wconf 84' lang='lat' dir='ltr'>adeo</span> <span class='ocrx_word' id='word_1_44' title='bbox 1421 554 1467 589; x_wconf 91' lang='lat' dir='ltr'>ut</span> 
     </span>
     <span class='ocr_line' id='line_1_8' title="bbox 70 613 1502 664; baseline 0.001 -10"><span class='ocrx_word' id='word_1_45' title='bbox 70 613 283 654; x_wconf 88' lang='lat' dir='ltr'>efficacius</span> <span class='ocrx_word' id='word_1_46' title='bbox 303 613 548 663; x_wconf 82' lang='lat' dir='ltr'>obligentur</span> <span class='ocrx_word' id='word_1_47' title='bbox 572 613 703 653; x_wconf 87' lang='lat' dir='ltr'>animi</span> <span class='ocrx_word' id='word_1_48' title='bbox 727 613 969 662; x_wconf 78' lang='lat' dir='ltr'>civitatum,</span> <span class='ocrx_word' id='word_1_49' title='bbox 993 614 1148 664; x_wconf 81' lang='lat' dir='ltr'>quibus</span> <span class='ocrx_word' id='word_1_50' title='bbox 1171 614 1280 654; x_wconf 86' lang='lat' dir='ltr'>inter</span> <span class='ocrx_word' id='word_1_51' title='bbox 1301 614 1502 656; x_wconf 82' lang='lat' dir='ltr'>obsides5</span> 
     </span>
     <span class='ocr_line' id='line_1_9' title="bbox 70 679 1467 731; baseline 0 -10"><span class='ocrx_word' id='word_1_52' title='bbox 70 679 236 731; x_wconf 92' lang='lat' dir='ltr'>puellae</span> <span class='ocrx_word' id='word_1_53' title='bbox 271 693 444 731; x_wconf 91' lang='lat' dir='ltr'>quoque</span> <span class='ocrx_word' id='word_1_54' title='bbox 480 679 642 720; x_wconf 87' lang='lat' dir='ltr'>nobiles</span> <span class='ocrx_word' id='word_1_55' title='bbox 678 679 957 730; x_wconf 79' lang='lat' dir='ltr'>imperantur.</span> <span class='ocrx_word' id='word_1_56' title='bbox 1021 680 1162 720; x_wconf 84' lang='lat' dir='ltr'>Inesse</span> <span class='ocrx_word' id='word_1_57' title='bbox 1198 680 1300 730; x_wconf 79' lang='lat' dir='ltr'>quin</span> <span class='ocrx_word' id='word_1_58' title='bbox 1337 681 1467 721; x_wconf 81' lang='lat' dir='ltr'>etiam</span> 
     </span>
     <span class='ocr_line' id='line_1_10' title="bbox 69 746 1468 797; baseline 0 -10"><span class='ocrx_word' id='word_1_59' title='bbox 69 750 269 787; x_wconf 86' lang='lat' dir='ltr'>sanctum</span> <span class='ocrx_word' id='word_1_60' title='bbox 306 746 469 797; x_wconf 89' lang='lat' dir='ltr'>aliquid</span> <span class='ocrx_word' id='word_1_61' title='bbox 506 751 557 788; x_wconf 73' lang='lat' dir='ltr'>et,</span> <span class='ocrx_word' id='word_1_62' title='bbox 588 746 817 796; x_wconf 84' lang='lat' dir='ltr'>providum</span> <span class='ocrx_word' id='word_1_63' title='bbox 857 752 1027 797; x_wconf 86' lang='lat' dir='ltr'>putant,</span> <span class='ocrx_word' id='word_1_64' title='bbox 1068 760 1142 786; x_wconf 88' lang='lat' dir='ltr'>nec</span> <span class='ocrx_word' id='word_1_65' title='bbox 1181 752 1254 786; x_wconf 89' lang='lat' dir='ltr'>aut</span> <span class='ocrx_word' id='word_1_66' title='bbox 1295 746 1468 788; x_wconf 84' lang='lat' dir='ltr'>consilia</span> 
     </span>
     <span class='ocr_line' id='line_1_11' title="bbox 69 812 1466 864; baseline -0.001 -10"><span class='ocrx_word' id='word_1_67' title='bbox 69 825 217 854; x_wconf 90' lang='lat' dir='ltr'>earum</span> <span class='ocrx_word' id='word_1_68' title='bbox 238 818 526 864; x_wconf 84' lang='lat' dir='ltr'>aspernantur</span> <span class='ocrx_word' id='word_1_69' title='bbox 546 816 624 853; x_wconf 86' lang='lat' dir='ltr'>aut</span> <span class='ocrx_word' id='word_1_70' title='bbox 647 826 849 863; x_wconf 79' lang='lat' dir='ltr'>responsa</span> <span class='ocrx_word' id='word_1_71' title='bbox 871 812 1114 863; x_wconf 83' lang='lat' dir='ltr'>neglegunt.</span> <span class='ocrx_word' id='word_1_72' title='bbox 1176 812 1370 853; x_wconf 72' lang='lat' dir='ltr'>Vidimus</span> <span class='ocrx_word' id='word_1_73' title='bbox 1387 813 1466 853; x_wconf 90' lang='lat' dir='ltr'>sub</span> 
     </span>
     <span class='ocr_line' id='line_1_12' title="bbox 69 878 1467 930; baseline -0.001 -10"><span class='ocrx_word' id='word_1_74' title='bbox 69 878 171 920; x_wconf 91' lang='lat' dir='ltr'>divo</span> <span class='ocrx_word' id='word_1_75' title='bbox 209 879 472 930; x_wconf 86' lang='lat' dir='ltr'>Vespasiano</span> <span class='ocrx_word' id='word_1_76' title='bbox 511 879 715 919; x_wconf 82' lang='lat' dir='ltr'>Veledam</span> <span class='ocrx_word' id='word_1_77' title='bbox 755 879 827 919; x_wconf 86' lang='lat' dir='ltr'>(liu</span> <span class='ocrx_word' id='word_1_78' title='bbox 866 879 981 929; x_wconf 91' lang='lat' dir='ltr'>apud</span> <span class='ocrx_word' id='word_1_79' title='bbox 1021 878 1243 930; x_wconf 85' lang='lat' dir='ltr'>plerosque</span> <span class='ocrx_word' id='word_1_80' title='bbox 1281 879 1467 919; x_wconf 91' lang='lat' dir='ltr'>numinis</span> 
     </span>
     <span class='ocr_line' id='line_1_13' title="bbox 68 944 1522 996; baseline -0.001 -10"><span class='ocrx_word' id='word_1_81' title='bbox 68 944 161 986; x_wconf 93' lang='lat' dir='ltr'>loco</span> <span class='ocrx_word' id='word_1_82' title='bbox 190 945 411 995; x_wconf 87' lang='lat' dir='ltr'>habitam;</span> <span class='ocrx_word' id='word_1_83' title='bbox 456 945 529 986; x_wconf 88' lang='lat' dir='ltr'>sed</span> <span class='ocrx_word' id='word_1_84' title='bbox 559 951 602 986; x_wconf 90' lang='lat' dir='ltr'>et</span> <span class='ocrx_word' id='word_1_85' title='bbox 633 945 734 986; x_wconf 92' lang='lat' dir='ltr'>olim</span> <span class='ocrx_word' id='word_1_86' title='bbox 764 945 1002 986; x_wconf 82' lang='lat' dir='ltr'>Albrunam</span> <span class='ocrx_word' id='word_1_87' title='bbox 1032 951 1073 986; x_wconf 88' lang='lat' dir='ltr'>et</span> <span class='ocrx_word' id='word_1_88' title='bbox 1105 945 1333 996; x_wconf 88' lang='lat' dir='ltr'>compluris</span> <span class='ocrx_word' id='word_1_89' title='bbox 1362 945 1466 986; x_wconf 86' lang='lat' dir='ltr'>alias</span> <span class='ocrx_word' id='word_1_90' title='bbox 1484 957 1522 986; x_wconf 92' lang='lat'>10</span> 
     </span>
     <span class='ocr_line' id='line_1_14' title="bbox 67 1011 1465 1063; baseline 0 -11"><span class='ocrx_word' id='word_1_91' title='bbox 67 1011 261 1053; x_wconf 88' lang='lat' dir='ltr'>venerati</span> <span class='ocrx_word' id='word_1_92' title='bbox 304 1016 419 1062; x_wconf 90' lang='lat' dir='ltr'>sunt,</span> <span class='ocrx_word' id='word_1_93' title='bbox 466 1025 551 1052; x_wconf 91' lang='lat' dir='ltr'>non</span> <span class='ocrx_word' id='word_1_94' title='bbox 595 1011 844 1053; x_wconf 85' lang='lat' dir='ltr'>adulatione</span> <span class='ocrx_word' id='word_1_95' title='bbox 888 1026 963 1052; x_wconf 88' lang='lat' dir='ltr'>nec</span> <span class='ocrx_word' id='word_1_96' title='bbox 1008 1018 1233 1063; x_wconf 86' lang='lat' dir='ltr'>tamquam</span> <span class='ocrx_word' id='word_1_97' title='bbox 1278 1012 1465 1053; x_wconf 83' lang='lat' dir='ltr'>facerent</span> 
     </span>
     <span class='ocr_line' id='line_1_15' title="bbox 67 1077 181 1120; baseline -0.009 -1"><span class='ocrx_word' id='word_1_98' title='bbox 67 1077 181 1120; x_wconf 88' lang='lat' dir='ltr'>deas.</span> 
     </span>
    </p>

    <p class='ocr_par' dir='ltr' id='par_1_4' title="bbox 63 1143 1519 1794">
     <span class='ocr_line' id='line_1_16' title="bbox 122 1143 1506 1204; baseline 0.001 -20"><span class='ocrx_word' id='word_1_99' title='bbox 122 1143 315 1186; x_wconf 87' lang='lat' dir='ltr'>Deorum</span> <span class='ocrx_word' id='word_1_100' title='bbox 347 1144 532 1204; x_wconf 79' lang='lat' dir='ltr'>maxime</span> <span class='ocrx_word' id='word_1_101' title='bbox 565 1145 831 1185; x_wconf 86' lang='lat' dir='ltr'>Mercurium</span> <span class='ocrx_word' id='word_1_102' title='bbox 864 1145 1023 1190; x_wconf 85' lang='lat' dir='ltr'>colunt,</span> <span class='ocrx_word' id='word_1_103' title='bbox 1059 1145 1125 1185; x_wconf 92' lang='lat' dir='ltr'>cui</span> <span class='ocrx_word' id='word_1_104' title='bbox 1158 1145 1284 1185; x_wconf 88' lang='lat' dir='ltr'>certis</span> <span class='ocrx_word' id='word_1_105' title='bbox 1316 1144 1506 1185; x_wconf 70' lang='lat' dir='ltr'>diebuso</span> 
     </span>
     <span class='ocr_line' id='line_1_17' title="bbox 65 1210 1463 1270; baseline -0.001 -18"><span class='ocrx_word' id='word_1_106' title='bbox 65 1210 266 1270; x_wconf 85' lang='lat' dir='ltr'>humanis</span> <span class='ocrx_word' id='word_1_107' title='bbox 296 1224 468 1262; x_wconf 89' lang='lat' dir='ltr'>quoque</span> <span class='ocrx_word' id='word_1_108' title='bbox 499 1211 650 1252; x_wconf 87' lang='lat' dir='ltr'>hostiis</span> <span class='ocrx_word' id='word_1_109' title='bbox 680 1211 803 1252; x_wconf 86' lang='lat' dir='ltr'>litare</span> <span class='ocrx_word' id='word_1_110' title='bbox 833 1211 897 1252; x_wconf 86' lang='lat' dir='ltr'>fas</span> <span class='ocrx_word' id='word_1_111' title='bbox 928 1211 1102 1251; x_wconf 88' lang='lat' dir='ltr'>habent.</span> <span class='ocrx_word' id='word_1_112' title='bbox 1164 1211 1391 1251; x_wconf 84' lang='lat' dir='ltr'>Herculem</span> <span class='ocrx_word' id='word_1_113' title='bbox 1422 1217 1463 1251; x_wconf 88' lang='lat' dir='ltr'>et</span> 
     </span>
     <span class='ocr_line' id='line_1_18' title="bbox 65 1277 1464 1328; baseline -0.001 -9"><span class='ocrx_word' id='word_1_114' title='bbox 65 1277 259 1319; x_wconf 89' lang='lat' dir='ltr'>Martem</span> <span class='ocrx_word' id='word_1_115' title='bbox 296 1278 505 1319; x_wconf 84' lang='lat' dir='ltr'>concessis</span> <span class='ocrx_word' id='word_1_116' title='bbox 542 1277 800 1319; x_wconf 87' lang='lat' dir='ltr'>animalibus</span> <span class='ocrx_word' id='word_1_117' title='bbox 838 1278 1024 1328; x_wconf 87' lang='lat' dir='ltr'>placant.</span> <span class='ocrx_word' id='word_1_118' title='bbox 1086 1278 1189 1318; x_wconf 88' lang='lat' dir='ltr'>Pars</span> <span class='ocrx_word' id='word_1_119' title='bbox 1226 1277 1464 1318; x_wconf 87' lang='lat' dir='ltr'>Suebo-rum</span> 
     </span>
     <span class='ocr_line' id='line_1_19' title="bbox 64 1343 1462 1394; baseline -0.001 -9"><span class='ocrx_word' id='word_1_120' title='bbox 64 1348 108 1385; x_wconf 91' lang='lat' dir='ltr'>et</span> <span class='ocrx_word' id='word_1_121' title='bbox 139 1343 243 1385; x_wconf 89' lang='lat' dir='ltr'>Isidi</span> <span class='ocrx_word' id='word_1_122' title='bbox 273 1344 510 1385; x_wconf 88' lang='lat' dir='ltr'>sacrificat:</span> <span class='ocrx_word' id='word_1_123' title='bbox 556 1345 670 1385; x_wconf 88' lang='lat' dir='ltr'>unde</span> <span class='ocrx_word' id='word_1_124' title='bbox 701 1358 830 1385; x_wconf 86' lang='lat' dir='ltr'>causa</span> <span class='ocrx_word' id='word_1_125' title='bbox 860 1350 899 1384; x_wconf 84' lang='lat' dir='ltr'>et</span> <span class='ocrx_word' id='word_1_126' title='bbox 933 1344 1049 1394; x_wconf 86' lang='lat' dir='ltr'>origo</span> <span class='ocrx_word' id='word_1_127' title='bbox 1080 1344 1300 1394; x_wconf 85' lang='lat' dir='ltr'>peregrino</span> <span class='ocrx_word' id='word_1_128' title='bbox 1330 1357 1462 1393; x_wconf 86' lang='lat' dir='ltr'>sacro,</span> 
     </span>
     <span class='ocr_line' id='line_1_20' title="bbox 65 1410 1498 1462; baseline -0.001 -11"><span class='ocrx_word' id='word_1_129' title='bbox 65 1424 219 1462; x_wconf 82' lang='lat' dir='ltr'>parurn</span> <span class='ocrx_word' id='word_1_130' title='bbox 242 1411 442 1462; x_wconf 88' lang='lat' dir='ltr'>comperi,</span> <span class='ocrx_word' id='word_1_131' title='bbox 463 1411 542 1451; x_wconf 90' lang='lat' dir='ltr'>nisi</span> <span class='ocrx_word' id='word_1_132' title='bbox 565 1411 681 1462; x_wconf 91' lang='lat' dir='ltr'>quod</span> <span class='ocrx_word' id='word_1_133' title='bbox 707 1411 876 1461; x_wconf 82' lang='lat' dir='ltr'>signum</span> <span class='ocrx_word' id='word_1_134' title='bbox 897 1411 1039 1462; x_wconf 90' lang='lat' dir='ltr'>ipsum</span> <span class='ocrx_word' id='word_1_135' title='bbox 1068 1410 1110 1450; x_wconf 92' lang='lat' dir='ltr'>in</span> <span class='ocrx_word' id='word_1_136' title='bbox 1136 1410 1498 1454; x_wconf 85' lang='lat' dir='ltr'>modumlibur-5</span> 
     </span>
     <span class='ocr_line' id='line_1_21' title="bbox 64 1476 1463 1528; baseline -0.001 -10"><span class='ocrx_word' id='word_1_137' title='bbox 64 1490 146 1518; x_wconf 90' lang='lat' dir='ltr'>nae</span> <span class='ocrx_word' id='word_1_138' title='bbox 190 1477 425 1528; x_wconf 88' lang='lat' dir='ltr'>figuratum</span> <span class='ocrx_word' id='word_1_139' title='bbox 471 1477 597 1518; x_wconf 89' lang='lat' dir='ltr'>docet</span> <span class='ocrx_word' id='word_1_140' title='bbox 645 1478 875 1518; x_wconf 84' lang='lat' dir='ltr'>advectam</span> <span class='ocrx_word' id='word_1_141' title='bbox 922 1477 1179 1527; x_wconf 84' lang='lat' dir='ltr'>religionem.</span> <span class='ocrx_word' id='word_1_142' title='bbox 1259 1476 1463 1517; x_wconf 87' lang='lat' dir='ltr'>Ceterum</span> 
     </span>
     <span class='ocr_line' id='line_1_22' title="bbox 64 1542 1464 1595; baseline -0.002 -10"><span class='ocrx_word' id='word_1_143' title='bbox 64 1557 143 1585; x_wconf 92' lang='lat' dir='ltr'>nec</span> <span class='ocrx_word' id='word_1_144' title='bbox 175 1543 372 1585; x_wconf 91' lang='lat' dir='ltr'>cohibere</span> <span class='ocrx_word' id='word_1_145' title='bbox 403 1544 641 1595; x_wconf 88' lang='lat' dir='ltr'>parietibus</span> <span class='ocrx_word' id='word_1_146' title='bbox 671 1544 772 1585; x_wconf 86' lang='lat' dir='ltr'>deos</span> <span class='ocrx_word' id='word_1_147' title='bbox 796 1558 934 1595; x_wconf 87' lang='lat' dir='ltr'>neque</span> <span class='ocrx_word' id='word_1_148' title='bbox 963 1544 1005 1584; x_wconf 91' lang='lat' dir='ltr'>in</span> <span class='ocrx_word' id='word_1_149' title='bbox 1030 1543 1158 1584; x_wconf 86' lang='lat' dir='ltr'>ullam</span> <span class='ocrx_word' id='word_1_150' title='bbox 1181 1543 1357 1583; x_wconf 87' lang='lat' dir='ltr'>humani</span> <span class='ocrx_word' id='word_1_151' title='bbox 1380 1542 1464 1583; x_wconf 91' lang='lat' dir='ltr'>oris</span> 
     </span>
     <span class='ocr_line' id='line_1_23' title="bbox 63 1609 1465 1661; baseline -0.001 -10"><span class='ocrx_word' id='word_1_152' title='bbox 63 1610 248 1661; x_wconf 86' lang='lat' dir='ltr'>speciem</span> <span class='ocrx_word' id='word_1_153' title='bbox 278 1610 537 1652; x_wconf 88' lang='lat' dir='ltr'>adsimulare</span> <span class='ocrx_word' id='word_1_154' title='bbox 567 1625 617 1651; x_wconf 87' lang='lat' dir='ltr'>ex</span> <span class='ocrx_word' id='word_1_155' title='bbox 647 1610 944 1661; x_wconf 84' lang='lat' dir='ltr'>magnitudine</span> <span class='ocrx_word' id='word_1_156' title='bbox 975 1609 1221 1651; x_wconf 85' lang='lat' dir='ltr'>caelestium</span> <span class='ocrx_word' id='word_1_157' title='bbox 1252 1609 1465 1650; x_wconf 88' lang='lat' dir='ltr'>arbitran—</span> 
     </span>
     <span class='ocr_line' id='line_1_24' title="bbox 63 1675 1464 1726; baseline -0.002 -8"><span class='ocrx_word' id='word_1_158' title='bbox 63 1681 160 1717; x_wconf 91' lang='lat' dir='ltr'>tur:</span> <span class='ocrx_word' id='word_1_159' title='bbox 205 1676 324 1718; x_wconf 90' lang='lat' dir='ltr'>lucos</span> <span class='ocrx_word' id='word_1_160' title='bbox 354 1691 403 1718; x_wconf 91' lang='lat' dir='ltr'>ac</span> <span class='ocrx_word' id='word_1_161' title='bbox 435 1691 611 1718; x_wconf 89' lang='lat' dir='ltr'>nemora</span> <span class='ocrx_word' id='word_1_162' title='bbox 643 1682 892 1718; x_wconf 86' lang='lat' dir='ltr'>consecrant</span> <span class='ocrx_word' id='word_1_163' title='bbox 925 1677 1188 1726; x_wconf 81' lang='lat' dir='ltr'>deorumque</span> <span class='ocrx_word' id='word_1_164' title='bbox 1220 1675 1464 1716; x_wconf 90' lang='lat' dir='ltr'>nominibus</span> 
     </span>
     <span class='ocr_line' id='line_1_25' title="bbox 64 1741 1519 1794; baseline -0.002 -10"><span class='ocrx_word' id='word_1_165' title='bbox 64 1742 286 1794; x_wconf 88' lang='lat' dir='ltr'>appellant</span> <span class='ocrx_word' id='word_1_166' title='bbox 310 1748 522 1785; x_wconf 90' lang='lat' dir='ltr'>secretum</span> <span class='ocrx_word' id='word_1_167' title='bbox 549 1744 667 1793; x_wconf 88' lang='lat' dir='ltr'>illud,</span> <span class='ocrx_word' id='word_1_168' title='bbox 695 1744 809 1794; x_wconf 83' lang='lat' dir='ltr'>quod</span> <span class='ocrx_word' id='word_1_169' title='bbox 837 1743 926 1784; x_wconf 85' lang='lat' dir='ltr'>sola</span> <span class='ocrx_word' id='word_1_170' title='bbox 952 1742 1190 1783; x_wconf 82' lang='lat' dir='ltr'>reverentia</span> <span class='ocrx_word' id='word_1_171' title='bbox 1216 1741 1378 1782; x_wconf 80' lang='lat' dir='ltr'>vident.</span> <span class='ocrx_word' id='word_1_172' title='bbox 1480 1751 1519 1781; x_wconf 93' lang='lat'>10</span> 
     </span>
    </p>

    <p class='ocr_par' dir='ltr' id='par_1_5' title="bbox 61 1807 1530 2327">
     <span class='ocr_line' id='line_1_26' title="bbox 118 1807 1530 1862; baseline -0.002 -11"><span class='ocrx_word' id='word_1_173' title='bbox 118 1809 322 1861; x_wconf 87' lang='lat' dir='ltr'>Auspicia</span> <span class='ocrx_word' id='word_1_174' title='bbox 348 1815 570 1862; x_wconf 85' lang='lat' dir='ltr'>sortesque</span> <span class='ocrx_word' id='word_1_175' title='bbox 596 1816 645 1851; x_wconf 89' lang='lat' dir='ltr'>ut</span> <span class='ocrx_word' id='word_1_176' title='bbox 673 1811 745 1861; x_wconf 89' lang='lat' dir='ltr'>qui</span> <span class='ocrx_word' id='word_1_177' title='bbox 773 1810 955 1850; x_wconf 85' lang='lat' dir='ltr'>maxime</span> <span class='ocrx_word' id='word_1_178' title='bbox 982 1809 1238 1850; x_wconf 87' lang='lat' dir='ltr'>observant:</span> <span class='ocrx_word' id='word_1_179' title='bbox 1280 1807 1460 1849; x_wconf 90' lang='lat' dir='ltr'>sortium</span> <span class='ocrx_word' id='word_1_180' title='bbox 1477 1817 1530 1848; x_wconf 88' lang='lat'>10</span> 
     </span>
     <span class='ocr_line' id='line_1_27' title="bbox 64 1874 1462 1928; baseline -0.001 -12"><span class='ocrx_word' id='word_1_181' title='bbox 64 1876 331 1918; x_wconf 86' lang='lat' dir='ltr'>consuetudo</span> <span class='ocrx_word' id='word_1_182' title='bbox 368 1877 560 1928; x_wconf 86' lang='lat' dir='ltr'>simplex.</span> <span class='ocrx_word' id='word_1_183' title='bbox 622 1877 795 1925; x_wconf 69' lang='lat' dir='ltr'>Virgam</span> <span class='ocrx_word' id='word_1_184' title='bbox 833 1875 1059 1925; x_wconf 77' lang='lat' dir='ltr'>frugiferae</span> <span class='ocrx_word' id='word_1_185' title='bbox 1097 1874 1237 1916; x_wconf 88' lang='lat' dir='ltr'>arbori</span> <span class='ocrx_word' id='word_1_186' title='bbox 1275 1874 1462 1915; x_wconf 88' lang='lat' dir='ltr'>decisam</span> 
     </span>
     <span class='ocr_line' id='line_1_28' title="bbox 62 1941 1463 1994; baseline -0.001 -12"><span class='ocrx_word' id='word_1_187' title='bbox 62 1941 107 1982; x_wconf 90' lang='lat' dir='ltr'>in</span> <span class='ocrx_word' id='word_1_188' title='bbox 139 1942 331 1984; x_wconf 89' lang='lat' dir='ltr'>surculos</span> <span class='ocrx_word' id='word_1_189' title='bbox 363 1949 597 1994; x_wconf 88' lang='lat' dir='ltr'>amputant</span> <span class='ocrx_word' id='word_1_190' title='bbox 630 1957 786 1994; x_wconf 85' lang='lat' dir='ltr'>eosque</span> <span class='ocrx_word' id='word_1_191' title='bbox 820 1942 933 1982; x_wconf 87' lang='lat' dir='ltr'>notis</span> <span class='ocrx_word' id='word_1_192' title='bbox 966 1941 1224 1992; x_wconf 82' lang='lat' dir='ltr'>quibusdam</span> <span class='ocrx_word' id='word_1_193' title='bbox 1258 1941 1463 1982; x_wconf 89' lang='lat' dir='ltr'>discretos</span> 
     </span>
     <span class='ocr_line' id='line_1_29' title="bbox 63 2007 1459 2060; baseline -0.002 -10"><span class='ocrx_word' id='word_1_194' title='bbox 63 2021 191 2060; x_wconf 84' lang='lat' dir='ltr'>super</span> <span class='ocrx_word' id='word_1_195' title='bbox 234 2009 464 2050; x_wconf 89' lang='lat' dir='ltr'>candidam</span> <span class='ocrx_word' id='word_1_196' title='bbox 510 2015 673 2049; x_wconf 87' lang='lat' dir='ltr'>vestem</span> <span class='ocrx_word' id='word_1_197' title='bbox 719 2015 878 2049; x_wconf 86' lang='lat' dir='ltr'>temere</span> <span class='ocrx_word' id='word_1_198' title='bbox 922 2022 969 2048; x_wconf 87' lang='lat' dir='ltr'>ac</span> <span class='ocrx_word' id='word_1_199' title='bbox 1015 2007 1195 2048; x_wconf 88' lang='lat' dir='ltr'>fortuito</span> <span class='ocrx_word' id='word_1_200' title='bbox 1239 2011 1459 2058; x_wconf 78' lang='lat' dir='ltr'>spargunt.</span> 
     </span>
     <span class='ocr_line' id='line_1_30' title="bbox 63 2073 1495 2127; baseline -0.001 -10"><span class='ocrx_word' id='word_1_201' title='bbox 63 2075 183 2125; x_wconf 82' lang='grc' dir='ltr'><strong>ΜΟΧ,</strong></span> <span class='ocrx_word' id='word_1_202' title='bbox 200 2075 235 2116; x_wconf 93' lang='lat' dir='ltr'>si</span> <span class='ocrx_word' id='word_1_203' title='bbox 250 2076 420 2127; x_wconf 87' lang='lat' dir='ltr'>publice</span> <span class='ocrx_word' id='word_1_204' title='bbox 435 2076 714 2124; x_wconf 80' lang='lat' dir='ltr'>consultetur,</span> <span class='ocrx_word' id='word_1_205' title='bbox 731 2075 927 2115; x_wconf 79' lang='lat' dir='ltr'>sacerdos</span> <span class='ocrx_word' id='word_1_206' title='bbox 943 2074 1145 2122; x_wconf 82' lang='lat' dir='ltr'>civitatis,</span> <span class='ocrx_word' id='word_1_207' title='bbox 1162 2073 1225 2113; x_wconf 92' lang='lat' dir='ltr'>sin</span> <span class='ocrx_word' id='word_1_208' title='bbox 1242 2073 1459 2124; x_wconf 86' lang='lat' dir='ltr'>privatim,</span> <span class='ocrx_word' id='word_1_209' title='bbox 1475 2086 1495 2116; x_wconf 92' lang='grc'><strong><em>5</em></strong></span> 
     </span>
     <span class='ocr_line' id='line_1_31' title="bbox 62 2139 1462 2193; baseline -0.002 -11"><span class='ocrx_word' id='word_1_210' title='bbox 62 2141 152 2193; x_wconf 88' lang='lat' dir='ltr'>ipse</span> <span class='ocrx_word' id='word_1_211' title='bbox 185 2147 310 2193; x_wconf 89' lang='lat' dir='ltr'>pater</span> <span class='ocrx_word' id='word_1_212' title='bbox 341 2142 542 2191; x_wconf 85' lang='lat' dir='ltr'>familiae,</span> <span class='ocrx_word' id='word_1_213' title='bbox 579 2147 777 2192; x_wconf 86' lang='lat' dir='ltr'>precatus</span> <span class='ocrx_word' id='word_1_214' title='bbox 810 2141 911 2181; x_wconf 82' lang='lat' dir='ltr'>deos</span> <span class='ocrx_word' id='word_1_215' title='bbox 945 2140 1196 2191; x_wconf 84' lang='lat' dir='ltr'>caelumque</span> <span class='ocrx_word' id='word_1_216' title='bbox 1228 2139 1462 2190; x_wconf 84' lang='lat' dir='ltr'>suspiciens</span> 
     </span>
     <span class='ocr_line' id='line_1_32' title="bbox 62 2206 1461 2259; baseline -0.003 -10"><span class='ocrx_word' id='word_1_217' title='bbox 62 2211 128 2249; x_wconf 88' lang='lat' dir='ltr'>ter</span> <span class='ocrx_word' id='word_1_218' title='bbox 165 2208 354 2259; x_wconf 88' lang='lat' dir='ltr'>singulos</span> <span class='ocrx_word' id='word_1_219' title='bbox 394 2208 520 2257; x_wconf 86' lang='lat' dir='ltr'>tollit,</span> <span class='ocrx_word' id='word_1_220' title='bbox 562 2208 756 2248; x_wconf 87' lang='lat' dir='ltr'>sublatos</span> <span class='ocrx_word' id='word_1_221' title='bbox 794 2206 1029 2247; x_wconf 83' lang='lat' dir='ltr'>secundum</span> <span class='ocrx_word' id='word_1_222' title='bbox 1070 2206 1320 2257; x_wconf 86' lang='lat' dir='ltr'>impressam</span> <span class='ocrx_word' id='word_1_223' title='bbox 1359 2210 1461 2246; x_wconf 89' lang='lat' dir='ltr'>ante</span> 
     </span>
     <span class='ocr_line' id='line_1_33' title="bbox 61 2272 1461 2327; baseline -0.002 -11"><span class='ocrx_word' id='word_1_224' title='bbox 61 2278 212 2316; x_wconf 89' lang='lat' dir='ltr'>notam</span> <span class='ocrx_word' id='word_1_225' title='bbox 246 2274 571 2327; x_wconf 87' lang='lat' dir='ltr'>interpretatur.</span> <span class='ocrx_word' id='word_1_226' title='bbox 631 2273 673 2314; x_wconf 82' lang='lat' dir='ltr'>Si</span> <span class='ocrx_word' id='word_1_227' title='bbox 710 2273 1034 2325; x_wconf 89' lang='lat' dir='ltr'>prohibuerunt,</span> <span class='ocrx_word' id='word_1_228' title='bbox 1071 2272 1189 2314; x_wconf 90' lang='lat' dir='ltr'>nulla</span> <span class='ocrx_word' id='word_1_229' title='bbox 1223 2272 1276 2313; x_wconf 90' lang='lat' dir='ltr'>de</span> <span class='ocrx_word' id='word_1_230' title='bbox 1311 2272 1461 2314; x_wconf 88' lang='lat' dir='ltr'>eadem</span> 
     </span>
    </p>
   </div>
  </div>
 </body>
</html>
