1627 2525
650 111 910 143 GERMANIA
1424 100 1477 144 13

81 222 254 266 cedem:
299 222 499 274 quamvis
529 223 704 263 audacis
736 223 933 264 lasciviae
966 223 1150 274 pretium
1181 228 1245 264 est
1278 223 1513 275 voluptasf,

81 289 386 342 spectantium.
446 288 610 338 Aleam,
660 290 774 340 quod
825 290 987 338 mirere,
1037 290 1164 331 sobrii
1214 290 1325 330 inter
1372 290 1480 331 seria

81 360 292 405 exercent,
325 360 451 396 tanta
482 355 673 396 lucrandi
707 356 965 406 perdendive
998 357 1254 406 temeritate,
1287 363 1349 406 ut,
1383 371 1480 397 cum

82 422 228 465 omnia
248 422 510 470 defecerunt,
534 428 725 462 extremo
747 437 794 463 ae
817 423 1049 463 novissimo
1071 423 1186 464 iaetu
1208 424 1260 464 de
1282 424 1481 464 libertate

82 503 132 531 ac
149 489 202 530 de
220 502 395 540 corpore
413 488 692 529 contendant.
754 489 902 530 Victus
920 490 1209 531 voluntariam
1227 491 1481 532 servitutem

83 557 200 599 adit:
240 557 441 609 quamvis
466 557 672 607 iuvenior,
701 558 898 608 quamvis
924 558 1138 598 robustior
1163 557 1340 608 adligari
1365 572 1408 598 se
1434 571 1482 598 ac
1500 570 1538 599 10

83 624 228 666 venire
251 624 429 676 patitur.
491 625 555 664 Ea
577 630 639 665 est
664 623 706 664 in
731 638 772 664 re
796 638 929 674 prava
952 624 1214 675 pervicacia;
1252 624 1331 675 ipsi
1354 624 1483 665 fidem

83 696 257 733 vocant.
317 691 471 733 Servos
492 691 753 732 condicionis
774 691 899 731 huius
920 705 993 742 per
1014 690 1268 732 commercia
1289 690 1482 741 tradunt,

83 762 134 799 ut
156 771 200 799 se
222 771 394 809 quoque
418 758 581 809 pudore
605 757 810 798 victoriae
833 757 1068 798 exsolvant.

140 824 306 866 Ceteris
339 825 473 866 servis
508 838 594 865 non
629 824 672 864 in
708 830 903 864 nostrum
939 838 1114 873 morem,
1151 823 1375 874 descriptis
1411 832 1553 874 per25

83 891 293 932 familiam
316 891 576 941 ministeriis,
602 896 811 931 utuntur:
851 904 973 931 suam
998 890 1179 941 quisque
1203 890 1360 940 sedem,
1386 904 1486 930 suos

85 962 264 1009 penates
303 958 424 1009 regit.
486 957 709 998 Frumenti
750 957 927 998 modum
968 957 1167 997 dominus
1207 962 1281 997 aut
1324 956 1487 1007 pecoris

85 1029 163 1066 aut
188 1024 326 1066 vestis
356 1030 405 1065 ut
437 1024 587 1065 colono
618 1024 815 1075 iniungit,
849 1028 889 1064 et
923 1037 1070 1064 servus
1101 1023 1310 1064 hactenus
1340 1027 1487 1074 paret:

85 1095 228 1132 cetera
265 1091 419 1132 domus
457 1091 597 1132 officia
635 1105 739 1131 uxor
777 1104 825 1131 ae
865 1090 983 1130 liberi
1022 1094 1326 1140 exsequuntur.
1387 1089 1521 1129 Ver-5

85 1149 435 1199 berare'servum
465 1172 514 1199 ac
545 1157 727 1198 vinculis
757 1162 799 1197 et
830 1171 955 1207 opere
986 1161 1176 1197 coercere
1206 1169 1375 1196 rarum:
1420 1169 1489 1196 oc-

86 1224 224 1266 cidere
240 1217 392 1275 solent‚
411 1238 497 1265 non
514 1223 739 1274 disciplina
756 1228 796 1264 et
816 1223 1059 1271 severitate,
1078 1222 1151 1262 sed
1169 1222 1334 1272 impetu
1351 1226 1394 1262 et
1411 1221 1486 1271 ira,

85 1295 136 1332 ut
159 1290 394 1340 inimicum,
421 1290 500 1331 nisi
525 1290 641 1341 quod
667 1290 841 1340 impune
866 1295 943 1329 est.
1006 1288 1166 1329 Liberti
1192 1302 1276 1328 non
1301 1287 1489 1328 multum

85 1370 217 1408 supra
257 1370 403 1398 servos
444 1362 559 1406 sunt,
604 1371 699 1397 raro
741 1355 914 1406 aliquod
948 1359 1216 1395 momentum
1260 1354 1302 1394 in
1345 1354 1487 1405 domo,

86 1437 327 1475 numquam
365 1423 410 1464 in
456 1423 647 1473 civitate,
689 1422 877 1473 exceptis
921 1421 1151 1462 dumtaxat
1196 1420 1245 1461 iis
1289 1420 1490 1471 gentibus
1506 1430 1544 1460 10

87 1503 199 1542 quae
230 1495 478 1542 regnantur.
540 1490 606 1531 Ibi
639 1489 752 1530 enim
792 1492 836 1529 et
875 1501 1002 1538 super
1041 1487 1248 1537 ingenuos
1287 1491 1329 1527 et
1363 1500 1491 1537 super

86 1556 251 1598 nobiles
281 1556 546 1598 ascendunt:
592 1556 709 1607 apud
741 1560 903 1596 ceteros
934 1554 1118 1605 impares
1148 1552 1336 1593 libertini
1367 1552 1491 1593 liber-

87 1623 194 1664 tatis
221 1628 525 1675 argumentum
554 1627 669 1664 sunt.

144 1690 314 1731 Faenus
331 1689 495 1741 agitare
514 1695 555 1730 et
576 1689 619 1729 in
638 1702 789 1729 usuras
808 1687 1035 1728 extendere
1053 1686 1248 1737 ignotum
1266 1699 1273 1735 ;
1309 1685 1489 1736 ideoque
1503 1695 1558 1726 26

88 1756 225 1808 magis
249 1762 447 1798 servatur
471 1770 604 1808 quam
629 1755 663 1796 si
688 1755 875 1796 vetitum
900 1758 1023 1794 esset.
1084 1752 1185 1803 Agri
1211 1765 1287 1803 pro
1312 1765 1491 1792 numero

90 1823 304 1865 cultorum
325 1824 381 1865 ab
401 1823 611 1864 universis
632 1822 674 1862 in
697 1822 810 1862 vices
831 1824 1110 1870 occupantur,
1134 1832 1241 1869 quos
1262 1831 1360 1858 mox
1381 1817 1492 1858 inter

89 1903 134 1931 se
172 1890 409 1931 secundum
449 1889 744 1940 dignationem
784 1887 1056 1938 partiuntur;
1106 1884 1360 1926 facilitatem
1396 1897 1492 1935 par-

89 1956 226 1998 tiendi
276 1970 528 2007 camporum
578 1955 720 2006 spatia
770 1957 1006 2004 praestant.
1067 1951 1184 1991 Arva
1234 1964 1308 2002 per
1357 1962 1526 1992 annos5

91 2027 279 2073 mutant,
318 2028 361 2063 et
398 2027 591 2073 superest
629 2035 740 2072 ager.
802 2020 892 2060 Nec
929 2018 1043 2059 enim
1080 2031 1177 2058 cum
1214 2017 1413 2058 ubertate
1449 2021 1493 2057 et

91 2089 378 2141 amplitudine
397 2089 474 2130 soli
501 2088 645 2129 labore
672 2086 954 2135 contendunt,
977 2090 1025 2125 ut
1048 2083 1240 2136 pomaria
1267 2086 1494 2124 conserant

91 2160 136 2197 et
162 2160 289 2207 prata
314 2159 513 2206 separent
541 2159 585 2194 et
613 2154 760 2194 hortos
787 2153 949 2202 rigent:
992 2150 1082 2191 sola
1108 2155 1246 2191 terrae
1273 2163 1390 2200 seges
1416 2148 1495 2189 im-

91 2226 280 2274 peratur.
340 2222 463 2262 Vnde
503 2234 665 2261 annum
706 2233 878 2270 quoque
919 2218 1060 2269 ipsum
1101 2230 1186 2257 non
1226 2216 1270 2256 in
1310 2215 1494 2257 totidem

91 2288 292 2341 digerunt
338 2287 523 2340 species:
578 2286 713 2327 hiems
759 2290 803 2326 et
844 2298 919 2326 ver
959 2288 1002 2326 et
1045 2288 1187 2325 aestas
1228 2281 1495 2323 intellectum
1511 2292 1550 2322 10
