1628 2515
129 79 157 123 6
618 91 849 122 CORNELII
879 91 1042 122 TACITI

128 217 171 243 re
205 203 247 243 in
281 203 465 243 cundem
499 203 612 243 diem
647 203 930 252 consultatio;
980 203 1043 243 sin
1079 203 1346 254 permissum,
1388 202 1531 254 auspi-

76 280 114 310 10
129 269 289 310 ciorum
319 270 459 310 adhuc
489 270 594 310 fides
622 270 816 320 exigitur.
878 270 935 310 Et
964 270 1067 310 illud
1097 270 1272 320 quidem
1300 269 1433 310 etiam
1462 269 1529 310 hic

128 340 294 384 notum,
332 336 479 376 avium
516 350 641 376 voces
678 336 935 386 volatusque
971 336 1255 385 interrogare3
1308 335 1529 386 proprium

127 402 266 452 gentis
303 416 511 452 equorum
550 416 722 453 quoque
760 403 981 453 praesagia
1019 416 1067 443 ac
1106 402 1296 443 monitus
1334 401 1526 452 experiri.

127 468 301 509 Publice
342 469 518 509 aluntur
558 469 692 509 isdem
734 468 979 509 nemoribus
1021 482 1068 509 ac
1111 468 1228 518 lucis,
1272 468 1444 509 candidi
1484 472 1529 509 et

126 534 243 575 nullo
277 535 449 575 mortali
483 549 608 586 opere
643 535 856 584 contacti;
907 549 1014 585 quos
1048 549 1214 585 pressos
1247 548 1367 576 sacro
1402 548 1528 575 curru

74 610 113 640 15
126 601 323 641 sacerdos
343 615 390 641 ac
412 615 482 642 rex
501 601 569 642 vel
590 601 786 652 princeps
812 601 1002 642 civitatis
1023 601 1287 642 comitantur
1314 600 1528 642 hinnitus-

126 681 209 718 que
231 681 279 708 ac
301 667 498 708 fremitus
520 668 766 708 observant.
827 668 917 708 Nec
941 667 1014 707 ulli
1037 667 1227 718 auspicio
1249 667 1386 708 maior
1406 667 1525 716 fides,

126 747 211 773 non
232 733 370 774 solum
391 734 507 784 apud
530 734 710 784 plebem,
733 734 806 774 sed
828 734 944 784 apud
966 747 1173 784 proceres,
1196 733 1312 784 apud
1333 733 1528 774 sacerdo-

126 804 214 850 tes;
268 814 311 840 se
349 800 463 840 enim
501 800 720 840 ministros
758 800 950 848 deorum,
991 799 1084 840 illos
1123 799 1314 840 conscios
1352 803 1525 850 putant.

126 867 205 907 Est
238 871 281 907 et
315 866 398 907 alia
431 866 676 907 obs'ervatio
710 866 1012 916 auspiciorum,
1048 879 1135 916 qua
1167 865 1364 916 gravium
1397 865 1528 906 bello—

70 943 111 973 20
125 946 220 973 rum
257 937 438 973 eventus
474 932 712 983 explorant.
775 932 879 973 Eius
915 931 1068 982 gentis,
1108 945 1206 972 cum
1242 945 1330 982 qua
1365 931 1527 972 bellum

124 1004 202 1049 est,
250 999 473 1049 captivum
519 1012 693 1049 quoquo
738 998 868 1039 modo
912 998 1203 1049 interceptum
1248 1011 1346 1038 cum
1391 997 1527 1039 electo

125 1065 397 1116 popularium
447 1079 635 1115 suorum,
676 1065 827 1115 patriis
880 1078 1096 1115 quemque
1145 1063 1289 1114 armis,
1329 1064 1528 1105 commit-

123 1137 223 1173 tunt
242 1146 249 1172 :
288 1132 469 1172 victoria
492 1131 618 1172 huius
641 1131 708 1172 vel
731 1131 842 1172 illius
865 1145 942 1182 pro
965 1130 1225 1182 praeiudicio
1248 1130 1469 1182 accipitur.

59 1204 109 1235 11
181 1199 248 1239 De
286 1199 523 1239 minoribus
561 1199 687 1239 rebus
726 1198 938 1249 principes
977 1197 1249 1248 consultant;
1303 1197 1356 1238 de
1392 1197 1528 1238 maio-

123 1265 240 1306 ribus
278 1279 438 1315 omnes,
476 1265 539 1306 ita
576 1270 736 1315 tamen,
776 1270 824 1306 ut
863 1279 913 1306 ea
950 1278 1134 1315 quoque,
1174 1278 1359 1315 quorum
1396 1278 1527 1315 penes

124 1332 291 1383 plebem
341 1332 568 1373 arbitrium
618 1337 695 1381 est,
748 1332 864 1382 apud
922 1331 1134 1382 principes
1192 1335 1523 1382 pertractentur.

123 1399 307 1449 Coeunt,
347 1399 427 1439 nisi
466 1399 569 1450 quid
608 1398 837 1439 fortuitum
882 1403 925 1439 et
964 1398 1157 1439 subitum
1194 1397 1358 1448 incidit,
1399 1397 1526 1439 certis

89 1477 109 1506 5
123 1465 285 1515 diebus,
306 1479 402 1506 cum
426 1470 502 1507 aut
525 1465 753 1506 incohatur
774 1465 877 1506 luna
891 1470 967 1505 aut
981 1464 1209 1515 impletur;
1232 1478 1334 1505 nam
1348 1464 1524 1515 agendis

123 1532 249 1573 rebus
270 1532 349 1572 hoc
371 1532 763 1583 auspicatissimum
787 1531 961 1576 initium
986 1531 1179 1572 credunt.
1240 1531 1332 1571 Nec
1357 1530 1524 1571 dierum

122 1612 360 1648 numerum,
384 1603 430 1639 ut
459 1612 548 1648 nos,
572 1599 645 1639 sed
672 1598 864 1639 noctium
891 1602 1160 1648 computant.
1220 1597 1287 1638 Sic
1315 1597 1525 1638 constitu-

122 1670 215 1714 unt,
248 1665 305 1706 sic
337 1665 592 1706 condicunt:
632 1679 717 1706 nox
753 1665 906 1705 ducere
941 1664 1054 1705 diem
1085 1664 1269 1704 videtur.
1330 1663 1443 1704 Illud
1473 1677 1524 1705 ex

123 1731 321 1772 libertate
342 1732 511 1781 vitium,
535 1732 650 1782 quod
672 1745 758 1772 non
787 1731 913 1772 simul
937 1744 1013 1772 nec
1035 1735 1084 1771 ut
1110 1730 1213 1771 iussi
1243 1730 1520 1781 conveniunt,

69 1807 109 1836 10
122 1798 195 1838 sed
209 1803 251 1839 et
266 1798 373 1839 alter
387 1803 427 1839 et
443 1798 596 1839 tertius
610 1798 699 1839 dies
713 1797 988 1838 cunctatione
1002 1796 1250 1838 coeuntium
1264 1796 1520 1838 absumitur.

122 1865 160 1904 V
162 1870 179 1905 t
201 1865 354 1905 turbae
371 1865 546 1915 placuit,
566 1864 795 1905 considunt
812 1864 981 1905 armati.
1042 1863 1271 1924 Silentium
1292 1877 1368 1914 per
1385 1877 1523 1904 sacer-

123 1931 258 1978 dotes,
278 1931 434 1981 quibus
452 1936 547 1972 tum
561 1936 603 1972 et
622 1931 843 1972 coercendi
858 1931 923 1971 ius
937 1930 1015 1980 est',
1031 1930 1285 1981 imperatur.
1328 1930 1437 1970 Mox
1449 1943 1522 1970 rex

122 1997 190 2038 vel
222 1998 432 2048 princeps,
466 2003 595 2048 prout
627 2002 748 2038 aetas
780 1997 948 2048 cuique,
975 2002 1106 2048 prout
1137 1996 1358 2047 nobilitas,
1391 2000 1521 2047 prout

123 2064 252 2104 decus
269 2064 494 2114 bellorum,
514 2069 643 2115 prout
661 2064 867 2105 facundia
885 2068 963 2113 est,
984 2063 1238 2113 audiuntur,
1258 2062 1521 2104 auctoritate

70 2142 108 2171 15
122 2131 331 2171 suadendi
346 2131 482 2181 magis
499 2145 631 2182 quam
647 2130 823 2171 iubendi
840 2135 1070 2181 potestate.
1132 2130 1175 2171 Si
1193 2129 1411 2180 displicuit
1427 2143 1522 2170 sen-

123 2197 272 2247 tentia,
297 2198 471 2238 fremitu
493 2203 803 2248 aspernantur;
836 2197 900 2238 sin
923 2197 1098 2247 placuit,
1121 2197 1308 2237 frameas
1329 2195 1521 2237 concuti—

122 2268 214 2304 unt.
276 2264 670 2305 Honoratissimum
692 2264 898 2305 adsensus
919 2277 1052 2315 genus
1073 2267 1138 2304 est
1159 2262 1289 2304 armis
1310 2261 1500 2303 laudare.
