1637 2525
660 75 923 109 GERMANIA
1427 70 1482 113 23

136 183 276 226 Trans
300 183 482 226 Suionas
507 185 622 226 aliud
650 201 778 232 marc.
808 189 973 238 pigrum
1008 204 1056 231 ac
1091 205 1222 242 prope
1255 191 1552 241 inmotum.45

81 264 168 302 quo
190 250 300 302 cingi
323 251 524 302 cludique
547 257 756 293 terrarum
780 255 925 295 orlwm
950 256 1046 296 hinc
1069 258 1186 302 fides,
1211 259 1326 309 quod
1349 265 1485 299 extre-

80 330 177 358 mus
200 316 395 358 cadentis
419 317 504 358 iam
529 317 628 358 solis
652 319 790 369 fulgor
814 321 854 360 in
880 329 1000 362 ortus
1023 323 1172 364 edurat
1200 324 1307 364 adeo
1331 324 1482 374 clarus,

80 388 130 424 ut
176 382 317 424 sidera
363 383 563 433 hebetet;
626 399 778 425 sonum
827 387 999 438 insuper
1044 390 1300 439 emergentis
1347 391 1483 431 audiri

80 449 328 501 formasque
365 464 574 501 equorum
613 458 653 491 et
696 453 836 493 radios
875 454 1027 504 capitis
1065 456 1226 506 adspici
1267 457 1518 507 persuasio5

80 516 226 558 adicit.
287 515 394 557 Illuc
417 530 553 568 usque
579 518 637 566 (ct
662 518 777 559 fama
801 528 918 567 vcra)
946 527 1117 561 tantum
1142 528 1309 563 natura.
1373 523 1484 573 Ergo

79 582 166 624 iam
182 583 334 624 dextro
350 582 519 624 Suebici
532 584 660 625 maris
678 584 800 625 litore
813 587 1055 627 Aestiorum
1068 594 1215 635 gentes
1232 589 1480 640 adluuntur,

79 649 238 701 quibus
277 649 386 690 ritus
426 649 687 701 habitusque
728 652 980 702 Sueborum,
1023 653 1167 703 lingua
1208 655 1483 696 Britannicae

79 716 265 768 propior.
325 716 519 757 Matrem
561 717 689 757 deum
732 725 1004 759 venerantur.
1068 720 1237 769 Insigne
1279 722 1483 772 supersti-

78 782 209 824 tionis
232 782 394 824 formas
417 796 620 834 aprorum
645 790 814 834 gestant
835 799 841 824 ε
882 785 922 825 id
949 800 1025 836 pro
1050 786 1178 827 armis
1203 787 1482 838 omniumque
1500 783 1558 830 10⁷

78 849 218 891 tutela
240 863 438 891 securum
462 849 567 891 deae
592 850 799 891 cultorem
824 851 954 892 etiam
979 852 1090 893 inter
1114 852 1248 893 hostis
1273 858 1480 904 praestat.

78 915 220 957 Rarus
240 915 353 966 ferri,
376 915 578 967 frequens
599 916 779 957 fustium
802 931 915 958 usus.
977 919 1211 959 Frumenta
1233 924 1482 970 ceterosque

25 981 34 984 ”
77 982 244 1041 fructus
276 981 515 1034 patientius
547 996 679 1033 quam
713 997 789 1034 pro
822 984 948 1024 solita
980 984 1294 1025 Germanorum
1327 985 1482 1026 inertia

75 1048 290 1090 laborant.
350 1048 433 1090 Sed
484 1054 527 1090 et
578 1063 695 1090 mare
745 1055 1007 1100 scrutantur,
1060 1065 1108 1091 ac
1159 1051 1235 1091 soli
1287 1051 1480 1092 omnium

75 1115 286 1166 sucinum,
321 1115 437 1167 quod
470 1115 550 1167 ipsi
582 1116 745 1167 glesum
778 1122 950 1166 vocant,
985 1116 1096 1157 inter
1127 1117 1241 1158 vada
1273 1122 1405 1169 atque
1436 1118 1479 1158 in
1496 1131 1535 1161 15

75 1181 169 1233 ipso
189 1181 314 1223 litore
334 1181 496 1233 legunt.
558 1182 599 1222 N
603 1196 649 1223 ec
671 1196 782 1233 quae
803 1187 973 1232 natura,
998 1197 1163 1234 quaeve
1185 1183 1295 1224 ratio
1316 1183 1477 1234 gignat,

74 1252 126 1290 ut
161 1248 369 1299 barbaris,
408 1248 655 1300 quaesitum
694 1254 1042 1300 compertu1nve5
1095 1249 1168 1290 (liu
1206 1249 1310 1300 quin
1347 1250 1479 1290 etiam

74 1314 188 1356 inter
228 1319 370 1356 cetera
411 1315 699 1356 eiectamenta
740 1315 869 1356 maris
911 1315 1092 1365 iacebat,
1137 1316 1271 1356 donec
1313 1315 1479 1357 luxuria

74 1386 224 1423 nostra
256 1381 377 1423 dedit
411 1395 581 1422 nomen.
645 1382 754 1432 Ipsis
789 1382 830 1421 in
867 1382 982 1422 nullo
1018 1396 1120 1431 usu;
1171 1382 1275 1422 rude
1310 1382 1476 1433 legitur,

72 1447 256 1490 informe
270 1448 500 1500 profertur,
518 1449 791 1500 pretiumque
807 1448 1012 1489 mirantes
1027 1448 1257 1499 accipiunt.
1318 1448 1477 1489 Sucum
1491 1460 1533 1489 20

72 1518 221 1556 tamen
260 1515 463 1556 arborum
503 1529 592 1556 esse
632 1515 866 1565 intellegas,
909 1515 1009 1565 quia
1055 1520 1223 1555 terrena
1263 1514 1477 1565 quaedam

72 1586 206 1634 atque
248 1581 381 1623 etiam
425 1581 617 1623 volucria
660 1581 863 1622 animalia
908 1581 1159 1632 plerumque
1204 1580 1474 1630 interlucent,

72 1661 184 1699 quae
206 1647 429 1700 implicata
452 1662 600 1689 umore
624 1662 723 1688 mox
747 1648 998 1688 durescente
1023 1647 1204 1687 materia
1228 1646 1473 1687 cluduntur.

72 1714 340 1756 Fecundiora
362 1714 493 1766 igitur
516 1728 692 1755 nemora
716 1714 918 1764 lucosque
942 1713 1051 1753 sicut
1077 1712 1264 1753 Orientis
1287 1712 1473 1763 seeretis,

70 1781 145 1822 ubi
189 1785 289 1822 tura
333 1781 613 1832 balsamaque
658 1781 882 1830 sudantur,
931 1779 992 1820 ita
1037 1779 1282 1820 Occidentis
1326 1778 1474 1820 insulis
1489 1792 1529 1822 25

71 1847 281 1899 terrisque
296 1847 434 1889 inesse
451 1847 716 1896 crediderim,
736 1860 846 1897 quac
863 1845 989 1886 vicini
1012 1845 1110 1886 solis
1128 1845 1257 1885 radiis
1277 1859 1475 1896 expressa

70 1918 203 1966 atque
234 1913 445 1966 liquentia
476 1914 518 1954 in
552 1914 793 1965 proximum
826 1926 942 1953 mare
974 1912 1180 1952 labuntur
1211 1925 1259 1952 ac
1291 1911 1334 1952 vi
1367 1916 1475 1952 tem-

70 1985 291 2031 pestatum
317 1981 360 2021 in
387 1981 569 2021 adversa.
596 1980 722 2020 litora
747 1979 980 2019 exundant.
1041 1978 1082 2019 Si
1110 1983 1312 2018 naturam
1338 1977 1473 2018 sucini

69 2046 248 2088 admoto
269 2046 356 2098 igni
379 2051 579 2097 temptes,
600 2046 641 2085 in
668 2046 843 2086 modum
870 2045 1023 2085 taedae
1040 2044 1290 2084 accenditur
1311 2043 1474 2094 alitque

69 2113 290 2154 flammam
308 2113 511 2165 pinguem
529 2117 571 2152 ct
590 2112 776 2152 olentem
793 2126 801 2161 ;
835 2125 933 2151 mox
951 2116 999 2151 ut
1017 2110 1059 2150 in
1078 2110 1215 2162 picem
1234 2109 1472 2151 resinamve
1486 2119 1528 2149 30

66 2178 278 2221 lentescit.

122 2245 354 2288 Suionibus
371 2246 570 2288 Sitonum
589 2249 737 2296 gentes
756 2243 1078 2285 continuantur.
1139 2242 1296 2284 Cetera
1313 2241 1470 2284 similes
