<?xml version="1.0" encoding="UTF-8"?>
<!DOCTYPE html PUBLIC "-//W3C//DTD XHTML 1.0 Transitional//EN"
    "http://www.w3.org/TR/xhtml1/DTD/xhtml1-transitional.dtd">
<html xmlns="http://www.w3.org/1999/xhtml" xml:lang="en" lang="en">
 <head>
  <title>
</title>
<meta http-equiv="Content-Type" content="text/html;charset=utf-8" />
  <meta name='ocr-system' content='tesseract 3.04.00' />
  <meta name='ocr-capabilities' content='ocr_page ocr_carea ocr_par ocr_line ocrx_word'/>
</head>
<body>
  <div class='ocr_page' id='page_1' title='image "./germania00taciuoft_0034.png"; bbox 0 0 1628 2515; ppageno 0'>
   <div class='ocr_carea' id='block_1_1' title="bbox 111 47 1027 89">
    <p class='ocr_par' dir='ltr' id='par_1_1' title="bbox 111 47 1027 89">
     <span class='ocr_line' id='line_1_1' title="bbox 111 47 1027 89; baseline -0.003 0"><span class='ocrx_word' id='word_1_1' title='bbox 111 47 138 89; x_wconf 86' lang='lat'>2</span> <span class='ocrx_word' id='word_1_2' title='bbox 601 56 833 88; x_wconf 79' lang='lat' dir='ltr'>CORNELII</span> <span class='ocrx_word' id='word_1_3' title='bbox 864 56 1027 87; x_wconf 85' lang='lat' dir='ltr'>TACITI</span> 
     </span>
    </p>
   </div>
   <div class='ocr_carea' id='block_1_2' title="bbox 56 163 1525 2274">
    <p class='ocr_par' dir='ltr' id='par_1_2' title="bbox 114 163 1520 217">
     <span class='ocr_line' id='line_1_2' title="bbox 114 163 1520 217; baseline -0.003 -8"><span class='ocrx_word' id='word_1_4' title='bbox 114 169 366 210; x_wconf 84' lang='lat' dir='ltr'>Istaevones</span> <span class='ocrx_word' id='word_1_5' title='bbox 396 171 618 208; x_wconf 88' lang='lat' dir='ltr'>vocentur.</span> <span class='ocrx_word' id='word_1_6' title='bbox 680 166 880 217; x_wconf 80' lang='lat' dir='ltr'><strong>Quidam,</strong></span> <span class='ocrx_word' id='word_1_7' title='bbox 914 170 962 206; x_wconf 88' lang='lat' dir='ltr'>ut</span> <span class='ocrx_word' id='word_1_8' title='bbox 993 165 1037 206; x_wconf 92' lang='lat' dir='ltr'>in</span> <span class='ocrx_word' id='word_1_9' title='bbox 1069 165 1242 206; x_wconf 85' lang='lat' dir='ltr'>licentia</span> <span class='ocrx_word' id='word_1_10' title='bbox 1272 163 1520 215; x_wconf 88' lang='lat' dir='ltr'>vetustatis,</span> 
     </span>
    </p>

    <p class='ocr_par' dir='ltr' id='par_1_3' title="bbox 59 231 1525 549">
     <span class='ocr_line' id='line_1_3' title="bbox 59 231 1524 286; baseline -0.003 -10"><span class='ocrx_word' id='word_1_11' title='bbox 59 249 98 278; x_wconf 83' lang='lat'>15</span> <span class='ocrx_word' id='word_1_12' title='bbox 113 235 245 286; x_wconf 90' lang='lat' dir='ltr'>pluris</span> <span class='ocrx_word' id='word_1_13' title='bbox 282 234 362 275; x_wconf 88' lang='lat' dir='ltr'>deo</span> <span class='ocrx_word' id='word_1_14' title='bbox 400 238 517 274; x_wconf 87' lang='lat' dir='ltr'>ortos</span> <span class='ocrx_word' id='word_1_15' title='bbox 555 232 773 283; x_wconf 88' lang='lat' dir='ltr'>plurisque</span> <span class='ocrx_word' id='word_1_16' title='bbox 809 232 948 283; x_wconf 82' lang='lat' dir='ltr'>gentis</span> <span class='ocrx_word' id='word_1_17' title='bbox 986 231 1310 282; x_wconf 78' lang='lat' dir='ltr'>appellationes,</span> <span class='ocrx_word' id='word_1_18' title='bbox 1350 231 1524 272; x_wconf 83' lang='lat' dir='ltr'>Marsos</span> 
     </span>
     <span class='ocr_line' id='line_1_4' title="bbox 114 298 1524 348; baseline -0.003 -7"><span class='ocrx_word' id='word_1_19' title='bbox 114 300 391 342; x_wconf 86' lang='lat' dir='ltr'>Gambrivios</span> <span class='ocrx_word' id='word_1_20' title='bbox 427 300 590 340; x_wconf 78' lang='lat' dir='ltr'>Suebos</span> <span class='ocrx_word' id='word_1_21' title='bbox 627 298 849 339; x_wconf 84' lang='lat' dir='ltr'>Vandilios</span> <span class='ocrx_word' id='word_1_22' title='bbox 885 298 1132 347; x_wconf 81' lang='lat' dir='ltr'>adfirmant,</span> <span class='ocrx_word' id='word_1_23' title='bbox 1170 311 1306 348; x_wconf 88' lang='lat' dir='ltr'>eaque</span> <span class='ocrx_word' id='word_1_24' title='bbox 1342 311 1445 338; x_wconf 89' lang='lat' dir='ltr'>vera</span> <span class='ocrx_word' id='word_1_25' title='bbox 1479 301 1524 338; x_wconf 91' lang='lat' dir='ltr'>et</span> 
     </span>
     <span class='ocr_line' id='line_1_5' title="bbox 114 363 1524 418; baseline -0.004 -10"><span class='ocrx_word' id='word_1_26' title='bbox 114 367 295 418; x_wconf 84' lang='lat' dir='ltr'>antiqua</span> <span class='ocrx_word' id='word_1_27' title='bbox 324 366 512 407; x_wconf 86' lang='lat' dir='ltr'>nomina.</span> <span class='ocrx_word' id='word_1_28' title='bbox 581 366 786 405; x_wconf 87' lang='lat' dir='ltr'>Ceterum</span> <span class='ocrx_word' id='word_1_29' title='bbox 811 364 1069 405; x_wconf 75' lang='lat' dir='ltr'>Germaniae</span> <span class='ocrx_word' id='word_1_30' title='bbox 1093 363 1355 404; x_wconf 85' lang='lat' dir='ltr'>vocabulum</span> <span class='ocrx_word' id='word_1_31' title='bbox 1378 376 1524 404; x_wconf 88' lang='lat' dir='ltr'>recens</span> 
     </span>
     <span class='ocr_line' id='line_1_6' title="bbox 113 428 1523 484; baseline -0.004 -9"><span class='ocrx_word' id='word_1_32' title='bbox 113 438 156 475; x_wconf 91' lang='lat' dir='ltr'>et</span> <span class='ocrx_word' id='word_1_33' title='bbox 178 448 313 484; x_wconf 82' lang='lat' dir='ltr'>nuper</span> <span class='ocrx_word' id='word_1_34' title='bbox 335 433 549 481; x_wconf 87' lang='lat' dir='ltr'>additum,</span> <span class='ocrx_word' id='word_1_35' title='bbox 573 431 779 482; x_wconf 90' lang='lat' dir='ltr'>quoniam</span> <span class='ocrx_word' id='word_1_36' title='bbox 802 431 875 482; x_wconf 91' lang='lat' dir='ltr'>qui</span> <span class='ocrx_word' id='word_1_37' title='bbox 898 430 1024 481; x_wconf 86' lang='lat' dir='ltr'>primi</span> <span class='ocrx_word' id='word_1_38' title='bbox 1048 431 1250 471; x_wconf 85' lang='lat' dir='ltr'>Rhenum</span> <span class='ocrx_word' id='word_1_39' title='bbox 1271 428 1523 480; x_wconf 79' lang='lat' dir='ltr'>transgressi</span> 
     </span>
     <span class='ocr_line' id='line_1_7' title="bbox 114 495 1525 549; baseline -0.003 -9"><span class='ocrx_word' id='word_1_40' title='bbox 114 499 260 541; x_wconf 87' lang='lat' dir='ltr'>Gallos</span> <span class='ocrx_word' id='word_1_41' title='bbox 292 499 531 549; x_wconf 86' lang='lat' dir='ltr'>expulerint</span> <span class='ocrx_word' id='word_1_42' title='bbox 565 512 613 538; x_wconf 92' lang='lat' dir='ltr'>ac</span> <span class='ocrx_word' id='word_1_43' title='bbox 647 511 760 538; x_wconf 89' lang='lat' dir='ltr'>nunc</span> <span class='ocrx_word' id='word_1_44' title='bbox 792 497 969 547; x_wconf 83' lang='lat' dir='ltr'>Tungri,</span> <span class='ocrx_word' id='word_1_45' title='bbox 1004 502 1108 537; x_wconf 89' lang='lat' dir='ltr'>tunc</span> <span class='ocrx_word' id='word_1_46' title='bbox 1141 496 1348 537; x_wconf 86' lang='lat' dir='ltr'>Germani</span> <span class='ocrx_word' id='word_1_47' title='bbox 1379 495 1525 536; x_wconf 88' lang='lat' dir='ltr'>vocati</span> 
     </span>
    </p>

    <p class='ocr_par' dir='ltr' id='par_1_4' title="bbox 56 562 1525 750">
     <span class='ocr_line' id='line_1_8' title="bbox 56 562 1522 614; baseline -0.003 -6"><span class='ocrx_word' id='word_1_48' title='bbox 56 580 99 609; x_wconf 88' lang='lat'>20</span> <span class='ocrx_word' id='word_1_49' title='bbox 112 566 222 607; x_wconf 88' lang='lat' dir='ltr'>sint:</span> <span class='ocrx_word' id='word_1_50' title='bbox 266 566 328 606; x_wconf 90' lang='lat' dir='ltr'>ita</span> <span class='ocrx_word' id='word_1_51' title='bbox 357 565 544 606; x_wconf 83' lang='lat' dir='ltr'>nationis</span> <span class='ocrx_word' id='word_1_52' title='bbox 574 578 744 613; x_wconf 85' lang='lat' dir='ltr'>nomen,</span> <span class='ocrx_word' id='word_1_53' title='bbox 776 578 861 604; x_wconf 93' lang='lat' dir='ltr'>non</span> <span class='ocrx_word' id='word_1_54' title='bbox 889 564 1029 614; x_wconf 86' lang='lat' dir='ltr'>gentis</span> <span class='ocrx_word' id='word_1_55' title='bbox 1057 563 1268 604; x_wconf 87' lang='lat' dir='ltr'>evaluisse</span> <span class='ocrx_word' id='word_1_56' title='bbox 1296 562 1522 614; x_wconf 88' lang='lat' dir='ltr'>paulatim,</span> 
     </span>
     <span class='ocr_line' id='line_1_9' title="bbox 113 629 1525 682; baseline -0.003 -9"><span class='ocrx_word' id='word_1_57' title='bbox 113 637 162 673; x_wconf 89' lang='lat' dir='ltr'>ut</span> <span class='ocrx_word' id='word_1_58' title='bbox 192 646 340 673; x_wconf 86' lang='lat' dir='ltr'>omnes</span> <span class='ocrx_word' id='word_1_59' title='bbox 371 632 558 682; x_wconf 90' lang='lat' dir='ltr'>primum</span> <span class='ocrx_word' id='word_1_60' title='bbox 589 646 613 671; x_wconf 88' lang='lat' dir='ltr'>a</span> <span class='ocrx_word' id='word_1_61' title='bbox 644 630 806 671; x_wconf 82' lang='lat' dir='ltr'>victore</span> <span class='ocrx_word' id='word_1_62' title='bbox 837 631 892 670; x_wconf 84' lang='lat' dir='ltr'>ob</span> <span class='ocrx_word' id='word_1_63' title='bbox 923 635 1102 679; x_wconf 90' lang='lat' dir='ltr'>metum,</span> <span class='ocrx_word' id='word_1_64' title='bbox 1135 644 1234 670; x_wconf 91' lang='lat' dir='ltr'>mox</span> <span class='ocrx_word' id='word_1_65' title='bbox 1263 629 1397 670; x_wconf 91' lang='lat' dir='ltr'>etiam</span> <span class='ocrx_word' id='word_1_66' title='bbox 1427 643 1452 670; x_wconf 93' lang='lat' dir='ltr'>a</span> <span class='ocrx_word' id='word_1_67' title='bbox 1481 642 1525 669; x_wconf 89' lang='lat' dir='ltr'>se</span> 
     </span>
     <span class='ocr_line' id='line_1_10' title="bbox 112 696 1188 750; baseline -0.003 -11"><span class='ocrx_word' id='word_1_68' title='bbox 112 699 227 750; x_wconf 87' lang='lat' dir='ltr'>ipsis,</span> <span class='ocrx_word' id='word_1_69' title='bbox 260 699 440 739; x_wconf 87' lang='lat' dir='ltr'>invento</span> <span class='ocrx_word' id='word_1_70' title='bbox 472 698 645 738; x_wconf 92' lang='lat' dir='ltr'>nomine</span> <span class='ocrx_word' id='word_1_71' title='bbox 678 696 884 737; x_wconf 86' lang='lat' dir='ltr'>Germani</span> <span class='ocrx_word' id='word_1_72' title='bbox 916 701 1188 737; x_wconf 87' lang='lat' dir='ltr'>vocarentur.</span> 
     </span>
    </p>

    <p class='ocr_par' dir='ltr' id='par_1_5' title="bbox 71 762 1525 1012">
     <span class='ocr_line' id='line_1_11' title="bbox 71 762 1525 815; baseline -0.004 -7"><span class='ocrx_word' id='word_1_73' title='bbox 71 778 99 809; x_wconf 87' lang='lat'>3</span> <span class='ocrx_word' id='word_1_74' title='bbox 169 765 316 806; x_wconf 83' lang='lat' dir='ltr'>Fuisse</span> <span class='ocrx_word' id='word_1_75' title='bbox 351 765 467 815; x_wconf 89' lang='lat' dir='ltr'>apud</span> <span class='ocrx_word' id='word_1_76' title='bbox 503 778 574 804; x_wconf 90' lang='lat' dir='ltr'>eos</span> <span class='ocrx_word' id='word_1_77' title='bbox 609 769 651 804; x_wconf 89' lang='lat' dir='ltr'>et</span> <span class='ocrx_word' id='word_1_78' title='bbox 688 763 919 804; x_wconf 84' lang='lat' dir='ltr'>Herculem</span> <span class='ocrx_word' id='word_1_79' title='bbox 954 767 1212 813; x_wconf 87' lang='lat' dir='ltr'>memorant,</span> <span class='ocrx_word' id='word_1_80' title='bbox 1249 762 1525 813; x_wconf 89' lang='lat' dir='ltr'>primumque</span> 
     </span>
     <span class='ocr_line' id='line_1_12' title="bbox 113 828 1525 880; baseline -0.001 -9"><span class='ocrx_word' id='word_1_81' title='bbox 113 831 307 872; x_wconf 90' lang='lat' dir='ltr'>omnium</span> <span class='ocrx_word' id='word_1_82' title='bbox 337 831 528 871; x_wconf 79' lang='lat' dir='ltr'>Virorum</span> <span class='ocrx_word' id='word_1_83' title='bbox 558 830 739 870; x_wconf 86' lang='lat' dir='ltr'>fortium</span> <span class='ocrx_word' id='word_1_84' title='bbox 768 829 870 870; x_wconf 90' lang='lat' dir='ltr'>ituri</span> <span class='ocrx_word' id='word_1_85' title='bbox 901 829 944 869; x_wconf 87' lang='lat' dir='ltr'>in</span> <span class='ocrx_word' id='word_1_86' title='bbox 975 829 1136 880; x_wconf 90' lang='lat' dir='ltr'>proelia</span> <span class='ocrx_word' id='word_1_87' title='bbox 1176 833 1351 870; x_wconf 90' lang='lat' dir='ltr'>canunt.</span> <span class='ocrx_word' id='word_1_88' title='bbox 1413 828 1525 869; x_wconf 84' lang='lat' dir='ltr'>Sunt</span> 
     </span>
     <span class='ocr_line' id='line_1_13' title="bbox 112 894 1524 948; baseline -0.002 -10"><span class='ocrx_word' id='word_1_89' title='bbox 112 897 192 937; x_wconf 89' lang='lat' dir='ltr'>illis</span> <span class='ocrx_word' id='word_1_90' title='bbox 214 897 318 938; x_wconf 89' lang='lat' dir='ltr'>haec</span> <span class='ocrx_word' id='word_1_91' title='bbox 341 911 513 948; x_wconf 92' lang='lat' dir='ltr'>quoque</span> <span class='ocrx_word' id='word_1_92' title='bbox 536 896 740 946; x_wconf 88' lang='lat' dir='ltr'>carmina,</span> <span class='ocrx_word' id='word_1_93' title='bbox 766 910 951 947; x_wconf 93' lang='lat' dir='ltr'>quorum</span> <span class='ocrx_word' id='word_1_94' title='bbox 973 895 1126 945; x_wconf 87' lang='lat' dir='ltr'>relatu,</span> <span class='ocrx_word' id='word_1_95' title='bbox 1150 909 1280 946; x_wconf 90' lang='lat' dir='ltr'>quem</span> <span class='ocrx_word' id='word_1_96' title='bbox 1302 894 1524 936; x_wconf 75' lang='lat' dir='ltr'>harditum</span> 
     </span>
     <span class='ocr_line' id='line_1_14' title="bbox 113 961 1524 1012; baseline -0.002 -8"><span class='ocrx_word' id='word_1_97' title='bbox 113 968 285 1007; x_wconf 85' lang='lat' dir='ltr'>vocant,</span> <span class='ocrx_word' id='word_1_98' title='bbox 322 963 565 1004; x_wconf 84' lang='lat' dir='ltr'>accendunt</span> <span class='ocrx_word' id='word_1_99' title='bbox 600 962 767 1003; x_wconf 88' lang='lat' dir='ltr'>animos</span> <span class='ocrx_word' id='word_1_100' title='bbox 801 962 1061 1012; x_wconf 84' lang='lat' dir='ltr'>futuraeque</span> <span class='ocrx_word' id='word_1_101' title='bbox 1096 975 1267 1012; x_wconf 82' lang='lat' dir='ltr'>pugnae</span> <span class='ocrx_word' id='word_1_102' title='bbox 1301 961 1524 1002; x_wconf 87' lang='lat' dir='ltr'>fortunam</span> 
     </span>
    </p>

    <p class='ocr_par' dir='ltr' id='par_1_6' title="bbox 77 1025 1524 1350">
     <span class='ocr_line' id='line_1_15' title="bbox 77 1025 1524 1080; baseline -0.003 -9"><span class='ocrx_word' id='word_1_103' title='bbox 77 1025 204 1080; x_wconf 86' lang='lat' dir='ltr'>5ipso</span> <span class='ocrx_word' id='word_1_104' title='bbox 230 1034 361 1070; x_wconf 78' lang='lat' dir='ltr'>cantu</span> <span class='ocrx_word' id='word_1_105' title='bbox 385 1033 667 1079; x_wconf 75' lang='lat' dir='ltr'>augurantur.</span> <span class='ocrx_word' id='word_1_106' title='bbox 729 1029 911 1069; x_wconf 82' lang='lat' dir='ltr'>Terrent</span> <span class='ocrx_word' id='word_1_107' title='bbox 936 1028 1052 1069; x_wconf 90' lang='lat' dir='ltr'>enim</span> <span class='ocrx_word' id='word_1_108' title='bbox 1075 1028 1367 1078; x_wconf 89' lang='lat' dir='ltr'>trepidantve,</span> <span class='ocrx_word' id='word_1_109' title='bbox 1394 1031 1524 1078; x_wconf 88' lang='lat' dir='ltr'>prout</span> 
     </span>
     <span class='ocr_line' id='line_1_16' title="bbox 112 1094 1524 1146; baseline -0.002 -9"><span class='ocrx_word' id='word_1_110' title='bbox 112 1096 256 1137; x_wconf 87' lang='lat' dir='ltr'>sonuit</span> <span class='ocrx_word' id='word_1_111' title='bbox 287 1096 409 1146; x_wconf 88' lang='lat' dir='ltr'>acies,</span> <span class='ocrx_word' id='word_1_112' title='bbox 442 1110 518 1136; x_wconf 86' lang='lat' dir='ltr'>nec</span> <span class='ocrx_word' id='word_1_113' title='bbox 549 1100 642 1135; x_wconf 87' lang='lat' dir='ltr'>tam</span> <span class='ocrx_word' id='word_1_114' title='bbox 672 1094 790 1135; x_wconf 84' lang='lat' dir='ltr'>vocis</span> <span class='ocrx_word' id='word_1_115' title='bbox 819 1094 889 1135; x_wconf 88' lang='lat' dir='ltr'>ille</span> <span class='ocrx_word' id='word_1_116' title='bbox 919 1109 1053 1145; x_wconf 88' lang='lat' dir='ltr'>quam</span> <span class='ocrx_word' id='word_1_117' title='bbox 1082 1094 1260 1135; x_wconf 89' lang='lat' dir='ltr'>virtutis</span> <span class='ocrx_word' id='word_1_118' title='bbox 1290 1098 1524 1135; x_wconf 77' lang='lat' dir='ltr'>concentus</span> 
     </span>
     <span class='ocr_line' id='line_1_17' title="bbox 111 1160 1524 1215; baseline -0.002 -12"><span class='ocrx_word' id='word_1_119' title='bbox 111 1162 296 1203; x_wconf 85' lang='lat' dir='ltr'>videtur.</span> <span class='ocrx_word' id='word_1_120' title='bbox 357 1162 618 1215; x_wconf 79' lang='lat' dir='ltr'>Adfectatur</span> <span class='ocrx_word' id='word_1_121' title='bbox 646 1161 875 1212; x_wconf 82' lang='lat' dir='ltr'>praecipue</span> <span class='ocrx_word' id='word_1_122' title='bbox 904 1161 1114 1212; x_wconf 84' lang='lat' dir='ltr'>asperitas</span> <span class='ocrx_word' id='word_1_123' title='bbox 1142 1160 1235 1201; x_wconf 89' lang='lat' dir='ltr'>soni</span> <span class='ocrx_word' id='word_1_124' title='bbox 1263 1164 1307 1201; x_wconf 91' lang='lat' dir='ltr'>et</span> <span class='ocrx_word' id='word_1_125' title='bbox 1334 1160 1524 1201; x_wconf 89' lang='lat' dir='ltr'>fractum</span> 
     </span>
     <span class='ocr_line' id='line_1_18' title="bbox 112 1226 1524 1278; baseline -0.001 -10"><span class='ocrx_word' id='word_1_126' title='bbox 112 1243 319 1278; x_wconf 90' lang='lat' dir='ltr'>murmur,</span> <span class='ocrx_word' id='word_1_127' title='bbox 346 1228 525 1269; x_wconf 87' lang='lat' dir='ltr'>obiectis</span> <span class='ocrx_word' id='word_1_128' title='bbox 550 1228 604 1268; x_wconf 89' lang='lat' dir='ltr'>ad</span> <span class='ocrx_word' id='word_1_129' title='bbox 631 1235 677 1268; x_wconf 80' lang='lat' dir='ltr'>o&#39;s</span> <span class='ocrx_word' id='word_1_130' title='bbox 702 1227 848 1277; x_wconf 87' lang='lat' dir='ltr'>scutis,</span> <span class='ocrx_word' id='word_1_131' title='bbox 877 1241 962 1278; x_wconf 91' lang='lat' dir='ltr'>quo</span> <span class='ocrx_word' id='word_1_132' title='bbox 989 1227 1153 1278; x_wconf 91' lang='lat' dir='ltr'>plenior</span> <span class='ocrx_word' id='word_1_133' title='bbox 1177 1231 1220 1268; x_wconf 86' lang='lat' dir='ltr'>et</span> <span class='ocrx_word' id='word_1_134' title='bbox 1245 1226 1416 1278; x_wconf 87' lang='lat' dir='ltr'>gravior</span> <span class='ocrx_word' id='word_1_135' title='bbox 1438 1239 1524 1267; x_wconf 87' lang='lat' dir='ltr'>vox</span> 
     </span>
     <span class='ocr_line' id='line_1_19' title="bbox 113 1292 1524 1350; baseline -0.002 -14"><span class='ocrx_word' id='word_1_136' title='bbox 113 1309 361 1345; x_wconf 89' lang='lat' dir='ltr'>repercussu</span> <span class='ocrx_word' id='word_1_137' title='bbox 385 1295 661 1335; x_wconf 89' lang='lat' dir='ltr'>intumescat.</span> <span class='ocrx_word' id='word_1_138' title='bbox 724 1294 930 1335; x_wconf 89' lang='lat' dir='ltr'>Ceterum</span> <span class='ocrx_word' id='word_1_139' title='bbox 960 1299 1004 1334; x_wconf 89' lang='lat' dir='ltr'>et</span> <span class='ocrx_word' id='word_1_140' title='bbox 1040 1293 1193 1335; x_wconf 84' lang='lat' dir='ltr'>Ulixen</span> <span class='ocrx_word' id='word_1_141' title='bbox 1217 1293 1400 1345; x_wconf 86' lang='lat' dir='ltr'>quidam</span> <span class='ocrx_word' id='word_1_142' title='bbox 1432 1292 1524 1350; x_wconf 87' lang='lat' dir='ltr'>opi-</span> 
     </span>
    </p>

    <p class='ocr_par' dir='ltr' id='par_1_7' title="bbox 59 1359 1523 1677">
     <span class='ocr_line' id='line_1_20' title="bbox 59 1359 1523 1411; baseline -0.001 -9"><span class='ocrx_word' id='word_1_143' title='bbox 59 1374 97 1403; x_wconf 93' lang='lat'>10</span> <span class='ocrx_word' id='word_1_144' title='bbox 112 1366 272 1402; x_wconf 92' lang='lat' dir='ltr'>nantur</span> <span class='ocrx_word' id='word_1_145' title='bbox 304 1361 430 1411; x_wconf 86' lang='lat' dir='ltr'>longo</span> <span class='ocrx_word' id='word_1_146' title='bbox 464 1361 535 1401; x_wconf 91' lang='lat' dir='ltr'>illo</span> <span class='ocrx_word' id='word_1_147' title='bbox 569 1365 612 1401; x_wconf 93' lang='lat' dir='ltr'>et</span> <span class='ocrx_word' id='word_1_148' title='bbox 652 1360 851 1401; x_wconf 86' lang='lat' dir='ltr'>fabuloso</span> <span class='ocrx_word' id='word_1_149' title='bbox 883 1374 1023 1401; x_wconf 88' lang='lat' dir='ltr'>errore</span> <span class='ocrx_word' id='word_1_150' title='bbox 1063 1360 1107 1400; x_wconf 92' lang='lat' dir='ltr'>in</span> <span class='ocrx_word' id='word_1_151' title='bbox 1147 1360 1262 1400; x_wconf 90' lang='lat' dir='ltr'>hunc</span> <span class='ocrx_word' id='word_1_152' title='bbox 1301 1359 1523 1401; x_wconf 90' lang='lat' dir='ltr'>Oceanum</span> 
     </span>
     <span class='ocr_line' id='line_1_21' title="bbox 113 1425 1522 1478; baseline -0.001 -10"><span class='ocrx_word' id='word_1_153' title='bbox 113 1427 305 1468; x_wconf 89' lang='lat' dir='ltr'>delatum</span> <span class='ocrx_word' id='word_1_154' title='bbox 335 1427 472 1468; x_wconf 88' lang='lat' dir='ltr'>adisse</span> <span class='ocrx_word' id='word_1_155' title='bbox 503 1427 761 1468; x_wconf 89' lang='lat' dir='ltr'>Germaniae</span> <span class='ocrx_word' id='word_1_156' title='bbox 790 1431 939 1477; x_wconf 83' lang='lat' dir='ltr'>terras,</span> <span class='ocrx_word' id='word_1_157' title='bbox 970 1426 1374 1477; x_wconf 87' lang='lat' dir='ltr'>Asciburgiumque‚</span> <span class='ocrx_word' id='word_1_158' title='bbox 1405 1425 1522 1478; x_wconf 91' lang='lat' dir='ltr'>quod</span> 
     </span>
     <span class='ocr_line' id='line_1_22' title="bbox 111 1492 1523 1544; baseline -0.001 -10"><span class='ocrx_word' id='word_1_159' title='bbox 111 1494 154 1534; x_wconf 94' lang='lat' dir='ltr'>in</span> <span class='ocrx_word' id='word_1_160' title='bbox 173 1494 266 1544; x_wconf 90' lang='lat' dir='ltr'>ripa</span> <span class='ocrx_word' id='word_1_161' title='bbox 286 1494 426 1535; x_wconf 84' lang='lat' dir='ltr'>Rheni</span> <span class='ocrx_word' id='word_1_162' title='bbox 445 1494 577 1534; x_wconf 89' lang='lat' dir='ltr'>situm</span> <span class='ocrx_word' id='word_1_163' title='bbox 597 1494 810 1544; x_wconf 87' lang='lat' dir='ltr'>hodieque</span> <span class='ocrx_word' id='word_1_164' title='bbox 829 1493 1044 1543; x_wconf 82' lang='lat' dir='ltr'>incolitur,</span> <span class='ocrx_word' id='word_1_165' title='bbox 1066 1493 1122 1533; x_wconf 86' lang='lat' dir='ltr'>ab</span> <span class='ocrx_word' id='word_1_166' title='bbox 1141 1493 1213 1533; x_wconf 94' lang='lat' dir='ltr'>illo</span> <span class='ocrx_word' id='word_1_167' title='bbox 1232 1492 1523 1533; x_wconf 91' lang='lat' dir='ltr'>constitutum</span> 
     </span>
     <span class='ocr_line' id='line_1_23' title="bbox 112 1559 1519 1611; baseline 0 -11"><span class='ocrx_word' id='word_1_168' title='bbox 112 1561 471 1611; x_wconf 87' lang='lat' dir='ltr'>nominatumque</span> <span class='ocrx_word' id='word_1_169' title='bbox 487 1574 495 1610; x_wconf 89' lang='lat'>;</span> <span class='ocrx_word' id='word_1_170' title='bbox 557 1574 678 1600; x_wconf 86' lang='lat' dir='ltr'>aram</span> <span class='ocrx_word' id='word_1_171' title='bbox 723 1559 827 1610; x_wconf 92' lang='lat' dir='ltr'>quin</span> <span class='ocrx_word' id='word_1_172' title='bbox 873 1559 1006 1600; x_wconf 89' lang='lat' dir='ltr'>etiam</span> <span class='ocrx_word' id='word_1_173' title='bbox 1052 1559 1166 1600; x_wconf 85' lang='lat' dir='ltr'>Ulixi</span> <span class='ocrx_word' id='word_1_174' title='bbox 1212 1562 1519 1607; x_wconf 87' lang='lat' dir='ltr'>consecratam,</span> 
     </span>
     <span class='ocr_line' id='line_1_24' title="bbox 111 1625 1520 1677; baseline -0.001 -10"><span class='ocrx_word' id='word_1_175' title='bbox 111 1626 280 1667; x_wconf 88' lang='lat' dir='ltr'>adiecto</span> <span class='ocrx_word' id='word_1_176' title='bbox 302 1628 482 1667; x_wconf 76' lang='lat' dir='ltr'>Laertae</span> <span class='ocrx_word' id='word_1_177' title='bbox 503 1626 639 1677; x_wconf 86' lang='lat' dir='ltr'>patris</span> <span class='ocrx_word' id='word_1_178' title='bbox 662 1626 848 1675; x_wconf 77' lang='lat' dir='ltr'>nomine,</span> <span class='ocrx_word' id='word_1_179' title='bbox 871 1626 1023 1666; x_wconf 89' lang='lat' dir='ltr'>eodem</span> <span class='ocrx_word' id='word_1_180' title='bbox 1053 1625 1146 1666; x_wconf 88' lang='lat' dir='ltr'>loco</span> <span class='ocrx_word' id='word_1_181' title='bbox 1167 1625 1270 1666; x_wconf 92' lang='lat' dir='ltr'>olim</span> <span class='ocrx_word' id='word_1_182' title='bbox 1290 1630 1520 1676; x_wconf 87' lang='lat' dir='ltr'>repertam,</span> 
     </span>
    </p>

    <p class='ocr_par' dir='ltr' id='par_1_8' title="bbox 58 1691 1523 1943">
     <span class='ocr_line' id='line_1_25' title="bbox 58 1691 1523 1744; baseline -0.001 -11"><span class='ocrx_word' id='word_1_183' title='bbox 58 1705 97 1734; x_wconf 91' lang='lat'>15</span> <span class='ocrx_word' id='word_1_184' title='bbox 111 1698 481 1744; x_wconf 89' lang='lat' dir='ltr'>monumentaque</span> <span class='ocrx_word' id='word_1_185' title='bbox 515 1697 558 1733; x_wconf 90' lang='lat' dir='ltr'>et</span> <span class='ocrx_word' id='word_1_186' title='bbox 591 1692 783 1733; x_wconf 86' lang='lat' dir='ltr'>tumulos</span> <span class='ocrx_word' id='word_1_187' title='bbox 816 1692 1030 1743; x_wconf 89' lang='lat' dir='ltr'>quosdam</span> <span class='ocrx_word' id='word_1_188' title='bbox 1064 1692 1240 1733; x_wconf 88' lang='lat' dir='ltr'>Graecis</span> <span class='ocrx_word' id='word_1_189' title='bbox 1272 1691 1427 1733; x_wconf 91' lang='lat' dir='ltr'>litteris</span> <span class='ocrx_word' id='word_1_190' title='bbox 1458 1691 1523 1731; x_wconf 92' lang='lat' dir='ltr'>in-</span> 
     </span>
     <span class='ocr_line' id='line_1_26' title="bbox 112 1758 1519 1810; baseline -0.002 -10"><span class='ocrx_word' id='word_1_191' title='bbox 112 1759 292 1810; x_wconf 88' lang='lat' dir='ltr'>scriptos</span> <span class='ocrx_word' id='word_1_192' title='bbox 316 1759 360 1799; x_wconf 90' lang='lat' dir='ltr'>in</span> <span class='ocrx_word' id='word_1_193' title='bbox 390 1759 574 1800; x_wconf 90' lang='lat' dir='ltr'>confinio</span> <span class='ocrx_word' id='word_1_194' title='bbox 599 1758 858 1804; x_wconf 91' lang='lat' dir='ltr'>Germaniae</span> <span class='ocrx_word' id='word_1_195' title='bbox 883 1759 1151 1810; x_wconf 83' lang='lat' dir='ltr'>Raetiaeque</span> <span class='ocrx_word' id='word_1_196' title='bbox 1174 1758 1316 1800; x_wconf 86' lang='lat' dir='ltr'>adhuc</span> <span class='ocrx_word' id='word_1_197' title='bbox 1339 1762 1519 1799; x_wconf 85' lang='lat' dir='ltr'>exstare.</span> 
     </span>
     <span class='ocr_line' id='line_1_27' title="bbox 112 1824 1522 1877; baseline -0.001 -11"><span class='ocrx_word' id='word_1_198' title='bbox 112 1826 231 1876; x_wconf 78' lang='lat' dir='ltr'>Quae</span> <span class='ocrx_word' id='word_1_199' title='bbox 248 1840 386 1877; x_wconf 88' lang='lat' dir='ltr'>neque</span> <span class='ocrx_word' id='word_1_200' title='bbox 404 1827 656 1867; x_wconf 90' lang='lat' dir='ltr'>confirmare</span> <span class='ocrx_word' id='word_1_201' title='bbox 673 1825 939 1876; x_wconf 84' lang='lat' dir='ltr'>argumentis</span> <span class='ocrx_word' id='word_1_202' title='bbox 955 1839 1095 1877; x_wconf 91' lang='lat' dir='ltr'>neque</span> <span class='ocrx_word' id='word_1_203' title='bbox 1112 1825 1300 1866; x_wconf 91' lang='lat' dir='ltr'>refellere</span> <span class='ocrx_word' id='word_1_204' title='bbox 1316 1825 1359 1865; x_wconf 93' lang='lat' dir='ltr'>in</span> <span class='ocrx_word' id='word_1_205' title='bbox 1376 1824 1522 1866; x_wconf 90' lang='lat' dir='ltr'>animo</span> 
     </span>
     <span class='ocr_line' id='line_1_28' title="bbox 112 1891 1380 1943; baseline 0 -11"><span class='ocrx_word' id='word_1_206' title='bbox 112 1896 200 1932; x_wconf 89' lang='lat' dir='ltr'>est:</span> <span class='ocrx_word' id='word_1_207' title='bbox 239 1906 289 1933; x_wconf 90' lang='lat' dir='ltr'>ex</span> <span class='ocrx_word' id='word_1_208' title='bbox 312 1892 482 1943; x_wconf 87' lang='lat' dir='ltr'>ingenio</span> <span class='ocrx_word' id='word_1_209' title='bbox 506 1906 583 1933; x_wconf 89' lang='lat' dir='ltr'>suo</span> <span class='ocrx_word' id='word_1_210' title='bbox 608 1892 790 1943; x_wconf 89' lang='lat' dir='ltr'>quisque</span> <span class='ocrx_word' id='word_1_211' title='bbox 814 1892 962 1933; x_wconf 90' lang='lat' dir='ltr'>demat</span> <span class='ocrx_word' id='word_1_212' title='bbox 986 1891 1055 1938; x_wconf 80' lang='lat' dir='ltr'>vel</span> <span class='ocrx_word' id='word_1_213' title='bbox 1078 1892 1214 1932; x_wconf 88' lang='lat' dir='ltr'>addat</span> <span class='ocrx_word' id='word_1_214' title='bbox 1237 1891 1380 1932; x_wconf 89' lang='lat' dir='ltr'>fidem.</span> 
     </span>
    </p>

    <p class='ocr_par' dir='ltr' id='par_1_9' title="bbox 71 1958 1522 2209">
     <span class='ocr_line' id='line_1_29' title="bbox 71 1958 1522 2010; baseline 0.001 -13"><span class='ocrx_word' id='word_1_215' title='bbox 71 1965 98 1996; x_wconf 90' lang='lat'>4</span> <span class='ocrx_word' id='word_1_216' title='bbox 168 1959 265 2009; x_wconf 86' lang='lat' dir='ltr'>Ipse</span> <span class='ocrx_word' id='word_1_217' title='bbox 289 1973 437 1999; x_wconf 86' lang='lat' dir='ltr'>eorum</span> <span class='ocrx_word' id='word_1_218' title='bbox 461 1958 736 2009; x_wconf 88' lang='lat' dir='ltr'>opinionibus</span> <span class='ocrx_word' id='word_1_219' title='bbox 760 1959 930 2006; x_wconf 88' lang='lat' dir='ltr'>accedo,</span> <span class='ocrx_word' id='word_1_220' title='bbox 957 1958 1030 2010; x_wconf 91' lang='lat' dir='ltr'>qui</span> <span class='ocrx_word' id='word_1_221' title='bbox 1055 1958 1315 1999; x_wconf 84' lang='lat' dir='ltr'>Germaniae</span> <span class='ocrx_word' id='word_1_222' title='bbox 1338 1958 1522 2010; x_wconf 85' lang='lat' dir='ltr'>populos</span> 
     </span>
     <span class='ocr_line' id='line_1_30' title="bbox 112 2024 1522 2076; baseline 0 -12"><span class='ocrx_word' id='word_1_223' title='bbox 112 2024 237 2064; x_wconf 80' lang='lat' dir='ltr'>nullis</span> <span class='ocrx_word' id='word_1_224' title='bbox 269 2025 360 2065; x_wconf 88' lang='lat' dir='ltr'>aliis</span> <span class='ocrx_word' id='word_1_225' title='bbox 393 2025 575 2065; x_wconf 89' lang='lat' dir='ltr'>aliarum</span> <span class='ocrx_word' id='word_1_226' title='bbox 605 2025 834 2065; x_wconf 86' lang='lat' dir='ltr'>nationum</span> <span class='ocrx_word' id='word_1_227' title='bbox 865 2025 1059 2065; x_wconf 90' lang='lat' dir='ltr'>conubiis</span> <span class='ocrx_word' id='word_1_228' title='bbox 1089 2025 1272 2066; x_wconf 86' lang='lat' dir='ltr'>infectos</span> <span class='ocrx_word' id='word_1_229' title='bbox 1303 2024 1522 2076; x_wconf 88' lang='lat' dir='ltr'>propriam</span> 
     </span>
     <span class='ocr_line' id='line_1_31' title="bbox 112 2091 1522 2142; baseline 0.001 -12"><span class='ocrx_word' id='word_1_230' title='bbox 112 2094 154 2131; x_wconf 89' lang='lat' dir='ltr'>et</span> <span class='ocrx_word' id='word_1_231' title='bbox 185 2091 393 2132; x_wconf 81' lang='lat' dir='ltr'>sinceram</span> <span class='ocrx_word' id='word_1_232' title='bbox 423 2096 466 2132; x_wconf 91' lang='lat' dir='ltr'>et</span> <span class='ocrx_word' id='word_1_233' title='bbox 496 2096 671 2132; x_wconf 90' lang='lat' dir='ltr'>tantum</span> <span class='ocrx_word' id='word_1_234' title='bbox 702 2091 767 2132; x_wconf 90' lang='lat' dir='ltr'>sui</span> <span class='ocrx_word' id='word_1_235' title='bbox 796 2091 980 2132; x_wconf 87' lang='lat' dir='ltr'>similem</span> <span class='ocrx_word' id='word_1_236' title='bbox 1009 2096 1183 2142; x_wconf 88' lang='lat' dir='ltr'>gentem</span> <span class='ocrx_word' id='word_1_237' title='bbox 1212 2091 1426 2132; x_wconf 87' lang='lat' dir='ltr'>exstitisse</span> <span class='ocrx_word' id='word_1_238' title='bbox 1455 2104 1522 2132; x_wconf 89' lang='lat' dir='ltr'>ar-</span> 
     </span>
     <span class='ocr_line' id='line_1_32' title="bbox 112 2156 1521 2209; baseline 0.001 -13"><span class='ocrx_word' id='word_1_239' title='bbox 112 2156 343 2197; x_wconf 89' lang='lat' dir='ltr'>bitrantur.</span> <span class='ocrx_word' id='word_1_240' title='bbox 405 2158 531 2198; x_wconf 86' lang='lat' dir='ltr'>Unde</span> <span class='ocrx_word' id='word_1_241' title='bbox 556 2157 732 2198; x_wconf 87' lang='lat' dir='ltr'>habitus</span> <span class='ocrx_word' id='word_1_242' title='bbox 757 2171 930 2208; x_wconf 90' lang='lat' dir='ltr'>quoque</span> <span class='ocrx_word' id='word_1_243' title='bbox 956 2172 1197 2209; x_wconf 91' lang='lat' dir='ltr'>corporum,</span> <span class='ocrx_word' id='word_1_244' title='bbox 1223 2162 1453 2209; x_wconf 84' lang='lat' dir='ltr'>tamquam</span> <span class='ocrx_word' id='word_1_245' title='bbox 1476 2156 1521 2197; x_wconf 93' lang='lat' dir='ltr'>in</span> 
     </span>
    </p>

    <p class='ocr_par' dir='ltr' id='par_1_10' title="bbox 78 2222 1522 2274">
     <span class='ocr_line' id='line_1_33' title="bbox 78 2222 1522 2274; baseline 0.001 -12"><span class='ocrx_word' id='word_1_246' title='bbox 78 2233 97 2262; x_wconf 88' lang='lat'>5</span> <span class='ocrx_word' id='word_1_247' title='bbox 112 2226 238 2263; x_wconf 81' lang='lat' dir='ltr'>tanto</span> <span class='ocrx_word' id='word_1_248' title='bbox 258 2223 483 2264; x_wconf 88' lang='lat' dir='ltr'>hominum</span> <span class='ocrx_word' id='word_1_249' title='bbox 503 2237 695 2274; x_wconf 90' lang='lat' dir='ltr'>numero,</span> <span class='ocrx_word' id='word_1_250' title='bbox 717 2223 833 2264; x_wconf 90' lang='lat' dir='ltr'>idem</span> <span class='ocrx_word' id='word_1_251' title='bbox 853 2223 1078 2265; x_wconf 88' lang='lat' dir='ltr'>omnibus:</span> <span class='ocrx_word' id='word_1_252' title='bbox 1114 2228 1256 2266; x_wconf 87' lang='lat' dir='ltr'>truces</span> <span class='ocrx_word' id='word_1_253' title='bbox 1275 2227 1320 2265; x_wconf 89' lang='lat' dir='ltr'>et</span> <span class='ocrx_word' id='word_1_254' title='bbox 1339 2222 1522 2265; x_wconf 82' lang='lat' dir='ltr'>caerulei</span> 
     </span>
    </p>
   </div>
  </div>
 </body>
</html>
