1627 2525
668 76 932 108 GERMANIA
1468 68 1494 110 3

90 183 216 236 oculi,
234 183 389 226 rutilae
406 198 568 235 comae,
588 199 745 236 magna
763 200 941 237 corpora
958 192 1001 227 et
1020 192 1193 228 tantum
1211 188 1265 228 ad
1284 187 1495 239 impetum

91 253 264 294 valida:
326 252 484 294 laboris
532 258 665 303 atque
713 268 890 304 operum
939 268 1023 294 non
1071 256 1220 295 cadem
1271 256 1493 306 patientia,

92 319 355 370 minimeque
388 319 504 360 sitim
539 325 794 370 aestumque
828 321 1021 370 tolerare,
1057 322 1214 372 frigora
1245 328 1377 373 atque
1410 323 1496 363 ine-

92 385 211 428 diam
235 385 352 427 caelo
376 385 521 426 solove
546 386 851 427 adsueverunt.

89 446 120 502 Ι,
146 453 280 494 Terra
303 451 384 493 etsi
409 451 636 503 aliquanto
661 453 799 503 specie
824 453 981 503 differt,
1008 453 1050 494 in
1076 453 1322 495 universum
1350 460 1536 497 tamen5

91 523 170 561 aut
185 518 304 560 silvis
322 518 496 560 horrida
513 523 589 559 aut
608 518 838 570 paludibus
856 520 994 569 foeda,
1015 520 1198 561 umidior
1215 535 1302 571 qua
1318 521 1492 570 Gallias,

90 585 311 627 ventosior
348 598 437 636 qua
475 584 684 625 Noricum
724 600 772 626 ac
814 586 1082 627 Pannoniam
1122 587 1329 637 adspit·it;
1390 588 1495 628 satis

90 651 222 702 ferax,
249 651 552 703 frugiferarum
579 651 783 692 arborum
810 652 1038 703 inpatiens,
1068 667 1268 703 pecorum
1297 654 1492 703 secunda,

90 718 165 760 sed
208 718 461 770 plerumque
505 718 756 769 improcera.
818 719 885 759 Ne
928 719 1133 759 armentis
1177 719 1348 770 quidem
1393 732 1527 762 suus5

90 784 228 826 honor
255 789 333 826 aut
362 784 496 836 gloria
525 784 703 825 frontis:
750 799 927 825 numero
957 786 1160 835 gaudent,
1192 800 1350 836 eaeque
1380 786 1493 827 solae
1556 790 1560 791 ⁷

89 855 135 893 et
158 851 428 903 gratissimae
452 865 554 902 opes
579 856 694 892 sunt.
755 853 993 901 Argentum
1019 857 1061 892 et
1087 866 1239 892 aurum
1265 852 1493 903 propitiine

90 931 147 959 an
173 917 273 959 irati
301 918 344 958 di
372 918 625 969 negaverint
653 918 820 958 dubito.
882 919 972 959 Nec
1000 923 1146 959 tamen
1175 919 1492 959 adfirmaverim

91 984 255 1027 nullam
293 984 552 1026 Germaniae
591 998 748 1025 venam
788 990 1014 1034 argentum
1053 999 1261 1025 aurumve
1299 985 1492 1035 gignere:

91 1051 188 1103 quis
233 1051 348 1092 enim
395 1056 615 1092 scrutatus
662 1052 757 1092 est?
829 1051 1096 1092 possessione
1151 1057 1192 1091 et
1250 1065 1328 1092 usu
1376 1052 1490 1092 haud
1508 1060 1546 1089 10

91 1117 267 1170 perinde
289 1117 564 1159 adficiuntur.
626 1118 703 1158 Est
729 1117 872 1158 videre
895 1118 1010 1168 apud
1034 1118 1125 1158 illos
1148 1123 1350 1168 argentea
1373 1131 1489 1167 vasa,

89 1183 242 1236 legatis
278 1188 322 1226 et
348 1183 624 1236 'principibus
662 1198 809 1225 eorum
847 1184 1011 1224 muneri
1049 1184 1165 1233 data,
1206 1198 1290 1224 non
1328 1183 1370 1223 in
1408 1184 1492 1224 alia

90 1250 261 1292 vilitate
285 1264 418 1302 quam
442 1265 553 1302 quae
578 1251 710 1292 humo
735 1252 979 1301 finguntur;
1021 1264 1286 1301 quamquam
1311 1250 1490 1301 proximi

89 1317 147 1358 ob
183 1307 310 1358 usum
348 1317 701 1358 commerciorum
739 1331 891 1358 aurum
929 1321 971 1357 et
1010 1322 1235 1365 argentum
1273 1316 1315 1356 in
1354 1316 1491 1367 pretio

90 1383 254 1425 habent
279 1383 527 1435 formasque
554 1384 765 1435 quasdam
793 1388 964 1423 nostrae
991 1383 1195 1433 pecuniae
1222 1383 1490 1433 adgnoscunt
1507 1389 1546 1419 15

89 1454 224 1502 atque
264 1450 442 1501 eligunt.
504 1450 734 1491 Interiores
776 1449 1009 1500 simplicius
1051 1454 1093 1489 et
1136 1449 1357 1499 antiquius
1399 1462 1491 1499 per-

89 1516 334 1558 mutatione
354 1516 561 1558 mercium
583 1521 779 1557 utuntur.
842 1515 1071 1556 Pecuniam
1094 1515 1279 1565 probant
1301 1520 1491 1556 veterem

89 1587 134 1624 et
172 1582 248 1624 diu
285 1587 450 1633 notam,
491 1588 676 1624 serratos
715 1582 981 1632 bigatosque.
1042 1582 1280 1631 Argentum
1319 1594 1490 1632 quoque

89 1649 226 1701 magis
261 1663 395 1701 quam
431 1663 585 1690 aurum
622 1653 874 1700 sequuntur,
914 1647 1029 1688 nulla
1065 1647 1307 1688 adfectione
1343 1647 1488 1696 animi,

88 1715 164 1757 sed
185 1715 288 1767 quia
307 1729 512 1757 numerus
533 1720 835 1767 argenteorum
856 1714 1020 1754 facilior
1041 1713 1136 1754 usui
1161 1718 1226 1754 est
1248 1713 1490 1764 promiscua
1502 1723 1545 1753 20

89 1795 139 1823 ac
169 1781 273 1823 vilia
302 1782 608 1823 mercantibus.

107 1858 114 1866 ‘
145 1848 213 1890 Ne
246 1848 407 1890 ferrum
442 1848 616 1899 quidem
651 1852 857 1899 superest,
894 1847 1004 1887 sicut
1038 1860 1088 1886 ex
1121 1860 1272 1896 genere
1306 1845 1530 1889 teloru1n6

89 1914 315 1967 colligitur.
377 1915 481 1956 Rari
516 1914 668 1965 gladiis
698 1919 775 1955 aut
811 1913 1044 1954 maioribus
1085 1912 1241 1953 lanceis
1281 1917 1489 1953 utuntur:

89 1980 238 2023 hastas
268 1981 337 2023 vel
367 1981 558 2033 ipsorum
591 1980 802 2021 vocabulo
834 1980 1017 2020 frameas
1048 1983 1201 2029 gerunt
1232 1983 1416 2029 angusto
1447 1983 1489 2018 et

88 2047 209 2089 brevi
234 2047 359 2099 ferro,
381 2048 455 2089 sed
482 2048 545 2088 ita
570 2047 656 2088 acri
676 2051 720 2088 et
747 2047 801 2087 ad
829 2059 953 2087 usum
980 2044 1124 2094 habili,
1143 2048 1192 2085 ut
1218 2044 1368 2085 eodem
1389 2044 1487 2094 telo,

89 2118 219 2166 prout
255 2114 367 2156 ratio
404 2114 556 2166 poscit,
595 2113 662 2154 vel
700 2112 939 2154 comminus
975 2111 1042 2152 vel
1079 2111 1246 2152 eminus
1282 2115 1523 2162 pugnent.5

89 2180 148 2222 Et
170 2194 301 2232 eques
324 2180 500 2232 quidem
523 2184 647 2221 scuto
671 2179 919 2229 frameaque
943 2182 1173 2219 contentus
1195 2181 1285 2226 est;
1325 2177 1491 2228 pedites

89 2251 133 2289 et
154 2246 332 2289 missilia
354 2250 577 2298 spargunt,
603 2245 811 2297 pluraque
834 2244 1000 2296 singuli,
1026 2248 1159 2294 atque
1181 2243 1224 2283 in
1247 2243 1489 2284 inmensum
